2236 3932
215 191 305 253 46
811 210 891 250 m:
939 212 997 250 L.
1024 211 1234 253 vAnm
1282 210 1521 251 POETA·

216 345 446 408 cohors
488 341 754 407 Varium
769 388 789 423 ,
849 366 1120 428 eumque
1164 365 1355 427 quam
1396 353 1617 409 tenero
1663 339 1995 441 complexa
2038 349 2121 409 sit

218 465 437 506 amore
482 431 663 506 docet
704 467 769 508 v.
798 445 906 505 93.

299 543 634 605 Flentibus
673 542 780 605 hic
827 542 898 606 V
889 562 1077 603 arius
1122 539 1393 605 discedit
1433 556 1712 607 moestus
1749 546 2022 608 amici&

1084 721 1134 788 §.
1180 716 1279 779 9.,

389 841 933 921 Quemadmodum
1005 843 1362 904 studiorum
1429 844 1769 907 similitudo
1833 845 2121 923 Varium,

216 944 548 1027 Virgilium
591 949 656 1002 et
682 941 1015 1003 Horatium
1060 939 1513 1026 conjunxerat,
1557 945 1646 1005 ita
1681 948 1940 1007 'eosdem
1968 966 2123 1006 con-

216 1045 502 1104 siliorum
557 1041 626 1101 in
690 1041 781 1102 eis
838 1043 1182 1102 tractandis
1240 1063 1582 1104 consensus
1638 1051 1703 1104 et
1743 1046 1903 1106 ratio
1919 1089 1939 1121 ,
1999 1065 2124 1126 qua

213 1146 552 1225 poetarum
610 1139 1003 1202 Graecorum
1058 1140 1195 1203 vim
1251 1148 1317 1203 et
1358 1143 1664 1205 virtutem
1707 1165 1898 1224 quam
1938 1150 2125 1225 pote-

214 1246 358 1302 rant
418 1240 698 1310 maffle
757 1260 1028 1322 aequare
1086 1241 1604 1320 comitabantur,
1677 1263 1794 1324 per
1866 1263 2124 1303 omnem

214 1341 414 1404 vitam
458 1336 828 1422 conjunctos
872 1341 1148 1401 teneb'at.
1247 1340 1405 1401 Erat
1444 1342 1602 1403 haec
1643 1341 2125 1403 triumvirorum

214 1439 487 1502 amicitia
545 1439 899 1499 studiorum
955 1439 1351 1520 poeticorum
1407 1440 1832 1518 feracissima,
1912 1460 2124 1522 neque

214 1540 406 1600 ullius
450 1539 798 1602 malevolae
841 1539 1315 1599 obtrectationis
1362 1546 1470 1600 aut
1494 1531 1769 1602 invidiae
1798 1540 1942 1601 labe
1970 1560 2126 1600 con-

214 1645 409 1716 tacta,
467 1658 659 1719 quam
699 1637 966 1720 pulchre
1010 1638 1340 1720 descripsit
1382 1639 1683 1702 Martialis
1723 1639 1906 1700 Libr.
1943 1637 2123 1699 VIH.

217 1738 432 1822 Epigr.
465 1740 568 1798 18.

300 1837 378 1899 Si
414 1847 572 1912 tua,
625 1833 840 1923 Girini
850 1878 873 1910 ,
917 1857 1186 1918 promas
1228 1836 1708 1919 epigrammata
1749 1839 1967 1916 vulgo,

439 1937 512 2000 V
501 1937 564 1996 el
600 1936 847 1996 mecum
881 1935 1137 2017 possis,
1195 1938 1300 1997 vel
1337 1936 1522 2019 prior
1566 1937 1708 2019 ipse
1752 1937 1910 2016 legi,-

303 2037 428 2098 Sed
467 2034 593 2097 tibi
630 2044 861 2096 tantus
903 2033 1072 2094 inest
1110 2035 1343 2096 veteris
1383 2048 1710 2118 respectus
1754 2035 1975 2111 amici,

439 2135 671 2200 Carior
711 2143 789 2194 ut
829 2155 975 2193 mea
1019 2133 1106 2194 sit
1121 2150 1143 2208 ,’
1191 2158 1386 2218 quam
1430 2147 1549 2196 tua
1574 2137 1785 2217 fama
1826 2134 1969 2196 tibi.

268 2310 272 2314 ι
306 2236 413 2299 Sic
451 2239 648 2298 Maro
689 2255 806 2294 nec
853 2233 1123 2295 Calabri
1160 2235 1437 2295 tentavit
1480 2235 1780 2296 carmina
1821 2232 2068 2310 Flacci,

430 2333 817 2396 Pindaricos
860 2343 1076 2393 nosset
1116 2356 1263 2394 cum
1305 2356 1623 2416 superare
1663 2335 1922 2395 modos..

302 2438 390 2498 Et
437 2432 647 2500 Vario
689 2430 876 2492 cessit
922 2433 1221 2493 Romani
1260 2435 1454 2494 laude
1497 2432 1821 2508 cothurni,

446 2535 660 2614 Quum
699 2541 915 2614 posset
965 2531 1244 2611 Tragico
1269 2532 1536 2613 fortius
1581 2555 1689 2594 ore
1731 2531 1926 2614 loqui.

305 2633 572 2698 Aurum
614 2641 676 2693 et
718 2652 869 2714 opes
916 2641 978 2691 et
1004 2653 1170 2691 rura
1194 2633 1517 2715 frequens
1547 2631 1814 2692 donabit
1841 2630 2126 2708 amicus,·

441 2731 573 2813 Qui
610 2730 764 2792 velit
806 2729 1070 2808 ingenio
1113 2733 1361 2810 cedere,
1406 2754 1605 2792 rarus
1647 2730 1789 2791 erit.
2131 2738 2137 2743 “

390 2832 688 2895 Horatius
747 2832 826 2890 ab
894 2830 1017 2892 hoc
1077 2831 1229 2892 inde
1284 2834 1574 2912 tempore
1641 2830 1879 2909 lyricae
1947 2830 2127 2910 poesi

222 2954 484 3019 operam
527 2933 679 2993 dare
724 2929 950 3010 coepit.
1050 2931 1302 2991 Primus
1345 2928 1530 2991 Latio
1587 2930 1866 2990 ostendit
1906 2929 2125 2990 Parios

221 3035 469 3098 iambos
487 3076 507 3111 ,
596 3029 951 3092 Archilochi
1033 3031 1278 3092 animos
1350 3038 1776 3109 numerosque
1854 3034 2125 3106 secutus,

223 3136 506 3216 itemque
548 3129 840 3213 Sapphus
898 3135 966 3190 et
1019 3130 1238 3190 Alcaei
1289 3130 1535 3191 Musam
1589 3128 1851 3189 Latinus
1898 3126 2128 3188 fidicen

224 3234 541 3318 vulgavit,
597 3235 669 3291 ut
725 3229 813 3291 ait
865 3227 1043 3288 Libr.
1071 3228 1125 3288 I.
1168 3229 1368 3310 Epist.
1404 3231 1504 3290 19.
1548 3228 1804 3311 Epodos
1848 3226 2019 3287 enim
2061 3231 2128 3286 et

225 3335 427 3416 lyrica
485 3330 763 3415 carmina
814 3325 944 3410 jam
984 3328 1133 3389 inde
1178 3330 1256 3389 ab
1302 3350 1470 3390 anno
1513 3329 1588 3389 U.
1632 3327 1701 3388 G.
1741 3328 1889 3387 716.
1934 3325 2127 3386 scribi

229 3435 310 3497 ab
353 3453 432 3494 eo
473 3439 537 3494 et
577 3428 824 3514 vulgari
866 3433 1088 3508 coepta
1130 3449 1301 3506 esse,
1360 3429 1638 3512 singula,
1699 3423 1860 3508 quae
1905 3444 2127 3504 super-

234 3539 416 3610 sunt,
502 3531 778 3594 carmina
854 3523 1168 3591 evincunt.
1295 3527 1375 3589 In
1442 3529 1542 3589 his
1611 3528 1844 3607 lyricae
1915 3523 2125 3605 poesis

231 3633 430 3699 veluti
490 3630 863 3692 rudimentis
908 3627 1148 3690 studuit
1207 3629 1570 3709 aequalibus
1627 3627 1900 3709 probare
1916 3668 1939 3702 ,¹
1995 3643 2125 3704 quo
