2236 3932
214 139 335 198 114
800 156 882 197 nn
929 157 988 196 1..
1021 155 1229 198 vmuo
1274 156 1516 198 rom-A.

211 290 479 353 abscidit
518 290 739 353 undcts
755 334 777 369 ‚
819 291 908 351 Et
948 289 1266 373 liquidum
1306 289 1520 372 spisso
1552 289 1819 352 secrevit
1843 292 1928 352 ab
1956 293 2111 354 ae‘re

213 392 497 466 coelum3
557 390 835 452 dubitari
891 392 1008 452 vix
1066 394 1277 469 potest
1318 389 1473 470 quin
1513 390 1624 452 vel·
1659 391 1877 453 invitis
1922 390 2115 453 codi-

214 492 392 552 cibus
437 491 839 552 scribendum
883 488 966 548 sit
1005 487 1262 553 Metam.
1303 487 1482 550 Lihr.
1512 489 1599 550 Π.
1642 511 1708 553 v.
1739 486 1890 551 533.

1006 584 1215 647 habili
1252 588 1572 648 Saturnia
1615 611 1819 650 curru

298 686 676 768 Ingreditur
716 685 1030 768 liquidum
1055 684 1425 768 pavonibus
1467 689 1736 749 aethera
1770 685 1970 770 pictis
1982 710 2005 762 ‚-

215 809 331 869 pro
373 788 542 868 vulg.
586 786 750 844 ae'ra
766 808 785 845 ε
831 805 1042 846 sermo
1071 790 1171 846 est
1214 785 1295 845 de
1329 786 1480 863 dea,
1525 808 1689 868 (suae
1715 807 1836 868 per
1864 786 2119 847 aethera

137 937 149 946 ,
215 886 497 960 vehitur,
546 890 617 944 ut
659 883 869 945 Venus
911 885 1080 966 apud
1123 882 1429 946 Ovidium
1469 884 1651 947 Rem.
1693 886 1917 947 Amor.
1964 907 2028 947 v.
2054 887 2119 947 6.
2234 895 2236 898 ’

215 987 356 1061 „In
396 982 713 1065 liquidum
757 982 951 1044 rediit
980 984 1249 1044 aethera
1281 982 1522 1044 Martis
1553 984 1803 1067 equis.“
1889 985 2121 1046 Contra
2235 1000 2236 1003 ’

216 1084 388 1165 apud
445 1084 741 1144 eumdem
794 1082 1054 1144 Metam.
1095 1081 1278 1143 Lihr.
1312 1082 1459 1143 XV.
1501 1102 1570 1146 v.
1595 1085 1745 1145 804.
1787 1105 1876 1146 ex
1919 1084 2122 1146 codd.

217 1183 676 1244 restituendum
718 1182 875 1244 erit:

312 1284 482 1344 Tum
521 1301 673 1342 vero
721 1282 1030 1363 Cytherea
1069 1301 1276 1342 manu
1315 1280 1633 1364 permissit
1675 1291 1955 1365 utraque

302 1384 531 1443 Pectus
571 1390 634 1441 et
675 1380 864 1441 ae'ria
903 1379 1172 1441 molitur
1213 1382 1485 1441 condere
1524 1381 1692 1442 nube
1706 1405 1728 1443 .·

220 1482 332 1542 ubi
372 1501 711 1564 perperam
755 1479 1050 1540 aetheria
1092 1480 1332 1542 editum
1372 1481 1623 1564 legitur.
1708 1479 1765 1541 N
1764 1501 1869 1541 am
1908 1479 2127 1541 Venus

222 1581 290 1642 h.
320 1582 363 1641 l.
397 1580 637 1652 Jujium
661 1578 997 1640 Caesarem
1021 1579 1431 1641 interfectmn
1454 1580 1689 1641 nebula
1719 1580 2011 1657 involvit,
2053 1585 2130 1639 ut

221 1681 507 1742 Aeneam
549 1699 698 1739 cum
739 1679 926 1739 sociis
968 1679 1235 1740 obscuro
1267 1671 1642 1757 gradientes
1682 1681 1836 1740 'ae're
1884 1676 2130 1760 saepsit

223 1790 285 1841 et
336 1781 543 1840 multo
599 1778 874 1845 nebulae
926 1776 1352 1858 circumfudit
1405 1777 1647 1840 amictu
1696 1777 1863 1860 apud
1903 1777 2129 1860 Virgil.

222 1881 385 1941 Aen.
439 1877 620 1939 Libr.
660 1877 715 1937 I.
769 1897 835 1940 v.
871 1876 1023 1938 412.
1130 1876 1238 1939 Sic
1290 1877 1387 1939 rei
1443 1883 1506 1938 et
1558 1877 1702 1939 loco
1747 1876 2132 1939 convenien-

224 1986 322 2041 ter
373 1977 666 2060 Virgilius
728 1977 809 2038 de
877 1977 1212 2038 volucrum
1270 1976 1452 2058 copia
1515 1986 1582 2038 et
1636 1997 1826 2060 grege
1882 1975 2132 2058 scripsit

225 2079 388 2143 Aen.
429 2076 611 2138 Libr.
641 2075 787 2136 VH.
831 2096 897 2137 v.
923 2076 1073 2137 704.
1118 2075 1374 2137 ae’riam
1415 2076 1530 2136 sod
1564 2075 1827 2155 gurgite
1868 2075 1950 2136 ab
1993 2076 2131 2135 alto

236 2174 516 2256 Urgueri
550 2176 887 2236 volucrum
925 2197 1285 2236 raucarum
1329 2176 1421 2236 ad
1449 2174 1678 2236 littora
1708 2175 1979 2250 nubem,
2020 2173 2131 2234 ubi

227 2297 416 2337 nemo
475 2295 564 2336 ex
619 2274 863 2357 Menag.
918 2295 1019 2356 pr.
1063 2276 1436 2336 aetheream
1490 2280 1782 2356 reponet.
1821 2309 1909 2320 --
1965 2273 2134 2335 Ver-

229 2397 372 2436 sum
389 2374 450 2436 5.
479 2375 651 2436 Varii
680 2373 1024 2435 Mantuano
1052 2380 1279 2456 poetae
1307 2375 1540 2458 Georg.
1568 2373 1746 2435 Libr.
1760 2374 1876 2435 ΙΠ.
1908 2370 2132 2436 v.254.

313 2475 469 2537 Non
523 2472 780 2556 scopuli
831 2495 1152 2557 rupesque
1207 2495 1448 2548 cavae,
1507 2483 1700 2557 atque
1742 2474 1987 2553 objecta
2028 2493 2135 2533 re-

1263 2575 1539 2634 tardant

314 2671 667 2747 Flumina,
709 2681 1044 2754 conreptos
1085 2673 1269 2733 unda
1311 2672 1677 2756 torquentia
1717 2670 1978 2747 montis,

232 2773 638 2839 obversatum
681 2792 820 2833 esse
853 2772 1174 2834 existimat
1218 2793 1362 2835 cum
1395 2774 1532 2834 aliis
1563 2772 1622 2839 J.
1653 2772 1732 2831 H.
1762 2771 2021 2832 Vossius
2055 2771 2135 2831 ad

233 2873 474 2956 Virgilii
501 2870 729 2954 Georg.
761 2893 825 2953 p.
844 2871 989 2933 583.
1016 2873 1314 2953 idemque
1341 2874 1421 2933 ad
1449 2871 1665 2956 Eclog.
1693 2869 1867 2932 VIII.
1904 2892 1967 2952 p.
1984 2871 2134 2931 432.

234 2973 362 3033 <luo
403 2976 755 3052 postremos
798 2970 978 3031 Varii
1019 2991 1243 3035 versus
1287 2972 1631 3034 convertit:

317 3070 514 3134 Nicht
540 3071 655 3130 der
683 3070 1038 3131 trennende
1064 3074 1300 3146 Strom,
1345 3070 1524 3132 nicht
1539 3069 1769 3141 ¹weilen
1795 3068 1918 3131 ihn
1932 3069 2136 3131 Ho‘hn

436 3165 440 3167 ’
1270 3172 1382 3230 des
1431 3170 1730 3249 Gebirges
1745 3193 1765 3231 ε

318 3268 578 3331 Sinnlos
590 3313 614 3346 ‚
656 3267 857 3329 haum
900 3270 1070 3330 auch
1113 3271 1230 3330 der
1259 3273 1458 3352 Spit‘te
1495 3271 1608 3330 der
1634 3269 1855 3332 Nacht
1882 3291 1968 3328 zu
1997 3276 2136 3327 ent-

1266 3369 1546 3430 weichen
1581 3367 1858 3449 gedenht
1900 3388 2000 3439 er,·

235 3474 301 3528 et
355 3468 684 3548 observat,
760 3487 800 3529 a
852 3466 1117 3551 Virgilio
1159 3490 1224 3531 v.
1269 3467 1574 3544 Perdita,
1632 3468 1808 3550 quod
1848 3465 1917 3525 in
1957 3462 2136 3524 Varii

234 3567 379 3629 loco
451 3588 598 3630 cum
663 3567 1077 3651 sequentibus
1150 3567 1480 3646 cohaeret,
1550 3567 1634 3629 ad
1707 3562 2137 3628 antecedentia
