2236 3932
259 128 378 186 192
840 144 919 184 or:
968 143 1191 185 cAssm
1230 143 1596 185 namnum.

251 281 412 342 nihil
452 280 752 358 mutavit,
782 280 919 341 ¹nisi
960 260 1407 341 inter-ductum.
1493 281 1645 342 Tria
1678 283 1857 343 enim
1899 283 2006 343 illa
2032 303 2151 344 no-

253 381 425 441 mina
479 379 549 439 in
591 379 1048 460 antiquioribus
1090 377 1275 464 Plinii
1328 378 1705 443 editionibus
1746 381 2017 463 pessime
2059 383 2156 441 di-

253 480 750 563 stinguebantur.
849 478 1012 537 Hinc
1067 474 1377 539 Simlerus
1432 479 1498 539 in
1538 479 1831 562 Epitome
1872 479 2156 540 Pliniana

254 579 519 641 Gesneri
577 581 970 638 commentus
1024 581 1125 635 est
1183 576 1461 657 aliquem
1516 579 1916 659 scriptorem,
1975 578 2157 638 Lon-

249 680 607 757 gulanam,
668 695 754 735 ex
798 671 977 757 cujus
1017 674 1196 757 libris
1239 684 1540 757 excerpta
1586 680 1858 739 dedisset
1898 677 2156 737 Plinius.

250 778 447 838 Error
502 772 951 856 perridiculus!
1028 773 1336 834 Harduini
1402 776 1860 838 distinctionem
1929 777 2158 837 merito

249 875 571 958 adoptavit
614 873 893 956 Sffligius
946 871 1092 935 Vol.
1140 872 1194 933 I.
1252 896 1318 955 p.
1369 874 1510 935 116.
1527 917 1547 951 ,
1622 881 1685 936 et
1750 876 2158 937 manifestum

251 982 379 1051 est,
439 973 542 1034 isti
587 973 800 1034 Cassio
845 971 1088 1034 Severo
1135 973 1263 1034 loci
1303 974 1528 1034 natalis
1570 996 1807 1036 nomen
1849 973 2160 1058 adjectmn

252 1094 423 1150 esse,
468 1078 542 1132 ut
585 1092 623 1132 a
669 1071 879 1132 Cassio
923 1071 1283 1149 Parmensi,
1331 1093 1524 1152 quem
1567 1079 1633 1134 et
1673 1075 1881 1155 ipsum
1921 1074 2161 1134 Plinius

249 1174 498 1249 laudat,
569 1171 1079 1254 distingueretur.
1177 1171 1388 1252 Atque
1443 1172 1751 1232 Harduini
1809 1175 1888 1235 de
1948 1173 2160 1234 Cassio

256 1271 525 1333 Oratore
597 1268 960 1354 conjectura
1040 1291 1338 1354 magnam
1417 1271 1608 1333 hahet
1671 1272 2162 1334 verisimilitudi-

205 1382 223 1395 “
251 1392 434 1449 nem,
481 1392 642 1452 quae
684 1372 970 1432 unanimi
1013 1371 1282 1432 aliorum
1328 1372 1709 1452 scriptorum
1751 1373 1998 1433 silentio
2041 1371 2163 1431 mi-

255 1472 428 1531 nime
485 1470 863 1532 debilitatur.
963 1469 1123 1538 ,Fuit
1179 1470 1351 1531 enim
1407 1469 1698 1554 Longula
1769 1491 2041 1552 parvum
2097 1475 2163 1530 et

252 1569 528 1653 ignobile
572 1569 742 1632 Latii
786 1569 1087 1650 oppidum
1130 1589 1167 1630 a
1191 1568 1379 1631 Livio
1409 1568 1588 1630 Libr.
1616 1570 1700 1630 H.
1746 1591 1800 1632 c.
1833 1571 1938 1630 33.
1970 1575 2032 1630 et
2059 1571 2162 1630 39.

256 1675 704 1746 memoratum,
780 1666 961 1751 cujus
1017 1669 1325 1730 memoria
1378 1669 1637 1750 posthac
1679 1670 1869 1751 plane
1914 1669 2165 1730 oblitte-

255 1774 394 1828 rata
454 1769 725 1829 evanuit.
840 1767 944 1828 Ex
1005 1769 1274 1829 obscuro
1335 1775 1543 1829 autem
1611 1770 1754 1830 loco
1826 1768 2167 1829 oriundmn

250 1866 443 1928 fuisse
513 1866 692 1926 illum
745 1873 1099 1943 oratorem,
1169 1867 1318 1927 inde
1374 1867 1598 1950 colligo
1615 1912 1635 1944 ,
1696 1869 1867 1948 quod
1911 1867 2167 1928 Tacitus

253 1967 419 2027 Anu.
468 1964 648 2026 Libr.
675 1965 786 2026 IV.
835 1987 888 2027 c.
925 1967 1030 2025 21.
1079 1967 1398 2046 expressis
1443 1967 1652 2028 verbis
1681 1967 1996 2028 sordidam
2022 1962 2158 2047 ejus

258 2066 570 2148 originem
617 2071 1084 2127 commemorat.
1169 2064 1362 2127 Estne
1405 2066 1592 2148 igitur
1622 2068 1797 2147 quod
1839 2067 2165 2141 miremur,

257 2166 581 2226 neminem
641 2165 832 2225 alium
875 2165 1253 2244 scriptorum
1311 2175 1596 2227 veterum
1638 2165 2030 2226 mentionem
2072 2164 2169 2224 fe·-

191 2308 196 2311 »
233 2251 420 2326 ‘cisse
463 2265 624 2341 loci,
678 2264 757 2324 in¹
806 2285 935 2344 quo
977 2264 1085 2325 ille
1128 2250 1316 2324 natus
1363 2261 1578 2325 esset?
1650 2264 1941 2339 Accedit,
1998 2264 2169 2343 quod

262 2364 514 2425 Cassius
559 2363 868 2440 SeveruS,
926 2363 1075 2424 licet
1131 2364 1523 2444 eloquentiae
1565 2364 1847 2425 maxime
1890 2368 2166 2439 vacaret,

260 2470 471 2524 tamen
524 2465 718 2524 multa
776 2453 966 2523 etiam
1017 2464 1174 2525 varii
1232 2464 1584 2547 argumenti
1643 2483 1836 2543 opera
1891 2463 2169 2523 ediderat

260 2568 354 2639 et,
398 2567 466 2622 ut
507 2561 668 2638 infra
709 2562 1062 2625 videbimus
1077 2607 1098 2639 ,
1142 2563 1521 2624 nominatim
1565 2563 1643 2623 de
1681 2562 1969 2644 Aegypto
2014 2561 2168 2621 scri-

170 2704 172 2709 1
259 2667 467 2744 pserat
481 2705 501 2739 ,
575 2662 653 2722 ‹le
709 2659 885 2744 cujus
941 2667 1112 2723 terra
1164 2661 1358 2723 fabris
1416 2662 1741 2722 utilissima
1782 2661 2170 2721 mentionem

257 2761 404 2822 facit
445 2760 516 2819 in
555 2761 665 2820 illo
707 2761 870 2822 libro
908 2761 1149 2821 Plinius
1196 2782 1250 2823 c.
1287 2761 1386 2821 15.
1472 2760 1548 2819 In
1577 2761 1881 2820 Harduini
1912 2766 2170 2819 senten-

256 2860 411 2920 tiam
454 2860 703 2919 transiit
746 2859 1115 2922 Sanadonus
1159 2861 1239 2922 ad
1280 2861 1521 2942 Horatii
1562 2860 1765 2942 Epod.
1815 2858 1920 2920 VI.
1981 2859 2169 2919 Tom.

258 2959 366 3020 IV.
409 2981 473 3040 p.
514 2959 660 3018 248.

432 3057 716 3118 Certiora
772 3065 913 3119 sunt
972 3081 1135 3142 quae
1195 3062 1275 3122 de
1330 3058 1467 3143 ejus
1527 3059 1657 3122 vita
1673 3103 1693 3135 ,
1764 3058 2050 3119 moribus
2108 3062 2173 3117 et

262 3159 484 3219 studiis
538 3157 883 3218 memoriae
953 3160 1206 3240 prodita
1265 3161 1534 3242 legimus
1606 3159 1773 3239 apud
1831 3158 2173 3238 scriptores

259 3259 582 3339 antiquos,
638 3275 910 3338 quorum
964 3261 1322 3339 testimonia
1375 3259 1724 3320 maximam
1767 3263 2014 3338 partem
2053 3276 2172 3314 nu-

256 3378 373 3439 per
428 3357 677 3438 collegit
732 3362 793 3417 et
850 3356 1046 3417 edidit
1103 3359 1300 3420 Henr.
1361 3361 1653 3436 Meyerus
1716 3357 1786 3416 in
1832 3355 2168 3415 Oratorum

259 3457 688 3518 Romanorum
730 3455 1120 3537 Fragmentis
1179 3453 1428 3537 (Turici
1477 3455 1695 3534 1832.)
1755 3478 1818 3536 p.
1853 3451 1996 3514 225.
2031 3471 2170 3529 sqq.

259 3554 442 3616 Vixit
483 3556 592 3617 ille
634 3553 964 3636 famaeque
992 3558 1422 3619 maturitatem
1465 3556 1688 3617 habuit
1732 3555 1847 3615 sub
1890 3551 2172 3631 Augusto
