2236 3932
873 137 1211 182 excursus
1254 139 1322 182 v.
1915 115 2042 181 349

157 282 320 341 dnae
362 297 638 355 sorores,
695 275 998 362 Octaviae
1049 276 1328 338 nomine.
1425 273 1582 337 Nam
1625 272 1695 335 G.
1735 271 2043 338 Octavius

157 387 338 462 pater
398 397 484 438 ex
551 378 767 460 priore
824 373 1122 458 conjuge,
1185 374 1572 450 Ancharia,
1603 399 1606 402 ·
1635 373 1886 464 unicam
1942 381 2044 435 tu-
2090 433 2095 446 ,

156 479 316 538 lerat
370 476 562 537 filiam
575 519 595 553 ‚
656 474 1015 550 Octaviam,
1073 481 1137 535 et
1190 494 1277 535 ex
1318 473 1485 536 Atia
1499 519 1522 550 ,
1581 474 1770 536 altera
1819 494 2042 552 uxore,

155 578 311 638 item
347 575 539 637 filiam
567 574 766 636 sorori
796 573 1230 656 cognominem
1257 580 1324 634 et
1347 574 1607 635 tmicum
1635 572 1835 633 filium
1863 593 2045 635 eum-

156 697 282 758 que
312 675 593 737 omnium
619 674 968 734 liberorum
993 679 1148 732 natu
1179 672 1514 733 minimum
1527 717 1547 751 ,
1593 671 1664 734 G.
1695 670 2044 748 Octavium,

155 775 416 857 posthac
444 772 770 834 Caesarem
807 771 1238 834 Octavianum.
1323 773 1534 833 Altera
1566 772 1753 855 igitur
1783 770 2046 844 Octavia

153 874 272 935 suit
314 891 640 957 germana,
685 873 878 934 altera
909 871 1161 932 uterina
1202 888 1383 932 soror
1411 871 1691 933 Caesaris
1724 871 2048 934 Octaviani

155 972 523 1034 Triumviri.
623 971 1079 1048 Quaerentibus
1117 970 1313 1031 nobis
1325 1013 1345 1047 ‚
1403 978 1543 1033 utra
1584 978 1724 1032 tum
1763 970 2048 1052 'nupserit

154 1071 242 1133 Μ.
272 1071 588 1148 Antonio,
637 1071 908 1131 occurrit
947 1070 1354 1148 Plutarchus,
1400 1071 1510 1151 qui
1555 1091 1608 1132 c.
1640 1072 1766 1149 31„
1809 1071 1925 1132 uhi
1964 1071 2048 1131 de

155 1170 412 1232 foedere
440 1170 814 1232 Brundisino
846 1170 1003 1252 agit,
1047 1170 1197 1230 satis
1238 1171 1567 1251 perspicue
1609 1170 1765 1233 haec
1804 1170 2044 1252 prodit:

164 1262 324 1322 Ταῦτ’
356 1264 497 1335 ἔχειν
529 1267 704 1332 καλῶς
739 1268 974 1321 cougnon
1021 1264 1265 1331 πίστεως
1299 1264 1476 1320 ἐδεῖτο
1522 1266 1934 1340 σφοδροτέρας,
1984 1259 2051 1340 ἢν

156 1347 191 1426 ἢ
228 1352 358 1424 τύχη
395 1350 685 1424 παρέσχεν.
754 1349 1017 1420 Ὀκταβία
1041 1350 1144 1426 γὰρ
1172 1345 1236 1424 ἦν
1264 1346 1512 1425 ἀδελφὴ,
1548 1352 1895 1424 πρεσβυτέρα
1929 1354 2045 1422 μέν,

157 1433 227 1507 ἐχ
263 1433 574 1509 ὁμομητρία
609 1437 672 1492 δὲ
707 1435 989 1508 Καίσαρι·
1041 1435 1277 1510 ἐγεγόνει
1316 1434 1422 1508 γὰρ
1470 1435 1531 1501 ἐξ
1553 1431 1873 1511 Ἀγχαρίας,
1928 1433 1958 1494 ὁ
1996 1433 2047 1495 δ’

155 1522 385 1595 ὕστερον
411 1521 473 1588 ἐξ
486 1518 712 1587 Ἀττίας.
751 1516 1002 1597 ’Έστεργε
1026 1517 1074 1578 δ’
1102 1518 1403 1596 ὑπερφυῶς
1429 1520 1528 1594 τὴν
1557 1517 1804 1596 ἀδελφὴν
1813 1563 1831 1587 ,
1867 1527 2049 1598 χρῆμα

154 1605 507 1678 θαυμαστὸν,
561 1602 635 1673 ὡς
683 1607 928 1680 λέγεται,
980 1605 1231 1681 γυναικὸς
1278 1605 1584 1679 γενομένην.
1663 1605 1851 1680 Αὕτη,
1902 1612 1952 1660 Γ
1948 1608 2046 1664 ata

156 1692 494 1766 Μαρκέλλε,
531 1697 599 1747 τέἓ
622 1689 892 1766 γήμαντος
919 1688 1110 1762 αὐτὴν,
1150 1687 1187 1748 ἐ
1216 1688 1395 1748 πάλαι
1416 1688 1746 1766 τεθνηκότος
1782 1690 2046 1769 ἐχήρευεν.

156 1783 364 1859 Quum
407 1781 595 1842 etiam
628 1779 888 1843 Octavia
921 1781 1162 1859 minor,
1207 1787 1279 1842 ut
1305 1781 1616 1859 vidimus,
1661 1787 1816 1843 natu
1844 1781 2050 1868 major

155 1888 319 1944 esset
350 1901 540 1963 quam
570 1879 799 1959 frater,
843 1881 1000 1941 nihil
1037 1882 1315 1942 obstaret
1346 1902 1474 1962 quo
1504 1882 1713 1942 minus
1743 1902 1893 1944 eam
1912 1889 2049 1944 tum

153 1979 242 2042 M.
272 1980 548 2042 Antonio
590 1987 861 2062 nuptum
905 1982 1108 2042 datam
1140 2001 1276 2043 esse
1307 1987 1674 2063 putaremus
1688 2026 1707 2059 ‚
1751 1982 1874 2043 nisi
1899 1982 2048 2043 Plu-

152 2080 401 2141 tarchus
432 2080 750 2161 expressis
776 2082 990 2143 verbis
1016 2086 1277 2165 negaret
1304 2100 1442 2142 eam
1483 2081 1824 2160 ὁμομητρίαν
1857 2081 2046 2145 {nisse
2095 2159 2105 2169 ὁ

152 2178 404 2242 Caesari
447 2178 794 2241 Octaviano
812 2225 830 2257 ‚
877 2201 1142 2262 eamque
1186 2181 1426 2243 diceret
1469 2201 1549 2242 ex
1576 2182 1893 2243 Ancharia
1933 2191 2048 2244 na-'
2093 2261 2096 2265 ἵ

150 2286 283 2340 tam
327 2298 487 2340 esse.
572 2278 822 2360 Itaque,
866 2280 1201 2342 Plutarcho
1244 2281 1299 2342 si
1338 2280 1494 2343 fides
1538 2288 1661 2359 est,
1717 2282 1806 2342 M.
1848 2281 2051 2344 Anto·
2095 2270 2097 2274 ’

150 2378 290 2438 nius
332 2378 397 2438 in
437 2378 841 2439 matrimonio
896 2380 1116 2440 habuit
1158 2378 1482 2442 Octaviam
1534 2379 1864 2467 majorem.
1967 2380 2049 2444 At

154 2477 531 2538 exstitertmt
596 2478 678 2537 ad
732 2486 1012 2540 nostram
1063 2499 1263 2561 usque
1314 2482 1689 2544 memoriam
1744 2483 2047 2565 permulti

153 2574 289 2636 Viri
331 2575 548 2651 Docti,
612 2578 722 2658 qui
763 2577 1092 2639 Plutarchi·
1129 2578 1318 2639 fidem
1375 2588 1443 2642 et
1494 2582 1922 2644 auctoritatem
1976 2583 2048 2644 in

154 2676 418 2736 dubium
473 2683 775 2738 vocarent
831 2684 895 2738 et
953 2676 1282 2740 Octaviam
1333 2679 1680 2757 minorem,
1738 2682 2047 2744 uterinam

154 2774 434 2836 Caesaris
466 2774 820 2838 Octaviani
877 2798 1194 2854 sororem,
1255 2781 1549 2841 secundis
1603 2782 1839 2863 nuptiis
1895 2801 2045 2843 cum

153 2875 237 2935 M.
285 2875 551 2936 Antonio
598 2873 994 2960 conjunctam
1035 2877 1227 2940 fuisse
1283 2881 1752 2943 contenderent.
1844 2879 2045 2943 Nemo

152 2981 394 3051 tamen,
438 2977 611 3056 quod
653 2975 876 3055 sciam,
922 2978 1213 3039 disertius
1243 2978 1677 3063 copiosiusque
1707 2981 1864 3042 illud
1894 2981 2044 3042 Plu-

152 3073 356 3134 tarchi
398 3076 827 3137 testimonium
878 3077 1252 3162 impugnare
1306 3076 1570 3162 ejusque
1625 3080 1815 3142 fidem
1868 3080 2044 3142 labe-

152 3172 384 3234 factare
427 3175 719 3236 connisus
761 3182 853 3237 est
893 3197 1084 3259 quam
1111 3185 1257 3259 post
1286 3177 1738 3262 Glandorpium
1770 3180 1835 3241 in
1867 3177 2042 3243 Ono-

152 3280 337 3332 mast.
393 3294 459 3355 p.
504 3275 590 3335 86
639 3295 735 3356 sq.
793 3275 872 3337 cl.
931 3297 995 3359 p.
1051 3278 1236 3356 433„
1291 3277 1654 3340 Perizonius
1704 3264 2040 3342 Animadv.

153 3371 384 3432 llistor.
443 3370 592 3454 Cap.
637 3373 751 3434 ΙΠ.
807 3397 872 3457 p.
921 3375 1035 3437 121
1094 3398 1234 3458 sqq.
1335 3379 1609 3460 Uterque
1652 3377 1767 3440 Vir
1807 3379 2043 3440 Doctus

152 3470 394 3531 eisdem
435 3470 569 3532 fere
600 3482 835 3557 pugnat
860 3477 1273 3560 argumentis,
1318 3498 1481 3561 quae
1509 3497 1735 3560 operae
1769 3478 2042 3562 pretium

151 3567 342 3631 fuerit
384 3571 592 3633 denuo
635 3573 1016 3636 examinare.
