2236 3932
1312 31 1337 48 O

239 148 367 211 24⁰
659 151 662 159 “
806 169 888 209 nn
934 169 1160 209 CAss1o
1199 164 1563 208 PARMENSI.

238 304 413 388 poris
458 303 862 386 scriptoribus
878 348 898 380 ‚
943 309 1075 362 tam
1117 322 1311 384 sagax
1352 309 1448 363 est
1490 323 1578 363 ac>
1608 303 1892 383 divium,
1934 311 2008 365 ut
2046 307 2141 366 in·-

240 405 504 486 vestiget
547 410 611 463 et
654 405 731 462 ad
776 402 1111 482 quamdam
1166 403 1621 480 probabilitatis
1677 403 1954 484 speciem
1995 426 2140 485 per-

241 499 476 563 ducat?
544 502 618 561 Id
673 508 882 560 autem
941 499 1128 574 mihi,
1199 500 1253 558 si
1310 501 1463 580 quid
1524 502 1729 578 aliud,
1794 505 2142 565 certissime

237 622 605 684 persuasum
674 605 803 674 est,
879 597 1010 657 falli
1077 596 1435 678 Spohnium
1505 601 1820 681 aliosque,
1896 603 2004 682 qui
2063 604 2143 663 de

219 707 417 764 -vasto
471 699 711 759 ambitu
776 717 1044 777 operum
1105 695 1546 758 Cassianorum
1589 701 1864 782 cogitent
1908 710 1969 761 et
2010 703 2143 762 Ho-

238 801 473 860 ratium
516 797 745 856 faciant
788 817 874 856 ex
919 796 1171 856 Tibullo
1217 803 1658 876 quaerentem:
1712 801 2033 878 dicamne,
2077 808 2144 862 te

242 919 398 979 opus
439 896 688 972 moliri,
734 896 908 975 quod
949 895 1189 954 ambitu
1232 916 1347 955 suo
1389 901 1563 956 vasta
1602 897 1798 958 Cassii
1837 899 2144 960 Parmen-

241 999 325 1057 sis
369 1015 562 1076 opera
619 1000 874 1075 superet
885 990 1007 1072 ²⁹)?
1077 994 1237 1054 Nam
1282 1015 1427 1054 cum
1468 996 1586 1055 hac
1627 997 2144 1077 interpretatione

238 1118 370 1157 non
413 1115 714 1174 assequor
756 1095 1075 1174 quomodo
1105 1093 1424 1154 conciliari
1452 1101 1639 1174 queat
1666 1095 2146 1159 Deminutivum

240 1195 689 1276 ‚,opuscula“,
750 1194 921 1274 quod
974 1198 1321 1273 utcumque
1376 1195 1604 1274 accipis
1651 1198 1821 1255 certe
1866 1198 1944 1256 de
1989 1216 2146 1277 ope-

238 1315 386 1355 rum
449 1294 737 1355 vastitate
796 1299 857 1352 et
909 1293 1152 1352 ambitu
1206 1293 1382 1352 nullo
1437 1299 1624 1374 pacto
1681 1294 1943 1376 intelligi
1999 1301 2146 1375 pot·-

242 1401 353 1454 est.
430 1392 659 1453 Solent
694 1412 771 1452 eo
798 1392 1056 1452 nomine
1099 1391 1167 1451 in
1193 1392 1560 1453 universum
1592 1393 1871 1474 insigniri
1902 1395 2147 1454 minora

242 1494 448 1555 onmis
480 1492 723 1575 generis
750 1499 1062 1573 poemata.
1121 1491 1227 1552 Sic
1250 1491 1486 1556 Plinius
1504 1492 1679 1552 Libr.
1700 1491 1841 1552 VII.
1867 1492 2062 1573 Epist.
2081 1495 2146 1553 9.

239 1593 476 1675 ingenii
517 1593 688 1652 lusus
733 1598 794 1652 et
851 1611 1072 1653 versus
1087 1634 1105 1666 ,
1166 1591 1392 1671 quibus
1451 1592 1682 1651 summi
1739 1592 1979 1671 quique
2023 1593 2147 1654 viri

242 1714 310 1754 se
386 1692 767 1752 exercebant
841 1696 906 1751 et
981 1690 1414 1766 delectabant,
1498 1685 1999 1751 commemorans
2059 1691 2147 1751 ait

243 1801 293 1865 ς.
331 1793 460 1850 13.:
504 1789 735 1863 „Nam
776 1788 1017 1849 mirum
1062 1799 1186 1865 est,
1247 1799 1322 1848 ut
1365 1788 1466 1849 his
1511 1789 1837 1870 opusculis
1880 1789 2148 1850 animus

172 1951 175 1954 Α
242 1891 624 1953 intendatur
645 1888 1207 1970 remittatur-Quef‘
1242 1888 1424 1948 Idem
1442 1889 1615 1948 Libr.
1633 1888 1805 1948 VIII.
1823 1888 2024 1969 Epist.
2042 1890 2146 1949 21.

243 1992 405 2065 §.4.:
452 1987 699 2066 „Liber
707 1987 952 2068 fuitet
982 1986 1308 2069 opusculis
1335 1987 1567 2047 varius
1594 1998 1655 2047 et
1680 1988 1973 2048 metris.“
2012 1988 2148 2048 Ad-

245 2092 426 2151 datur
450 2088 881 2149 ‘Terentianus
917 2089 1174 2148 Maurus
1205 2088 1284 2147 de
1309 2087 1525 2149 Metris
1568 2108 1632 2150 v.
1669 2087 1888 2147 1891.:
1933 2089 2148 2164 „Dul-

247 2190 349 2251 cia
406 2185 753 2269 Septimius
810 2186 926 2268 qui
990 2185 1250 2267 scripsit
1307 2188 1620 2268 opuscula
1671 2189 1962 2267 nuper“.·
2036 2186 2148 2246 ubi

243 2287 650 2370 intelligenda
704 2292 851 2345 sunt
903 2285 975 2345 A.
1023 2285 1315 2367 Septimii
1374 2284 1599 2346 Sereni
1665 2286 1977 2367 opuscula
2032 2307 2149 2344 ru-

245 2387 422 2451 ralia
442 2431 463 2461 ,
511 2405 676 2467 quae
719 2385 979 2446 minutis
1020 2386 1306 2465 variique
1349 2384 1537 2444 metri
1579 2384 1960 2444 carminibus
1995 2403 2150 2444 con-

247 2489 476 2549 stitisse
538 2485 749 2546 docuit
802 2483 1271 2546 Wernsdorfius
1326 2483 1396 2542 in
1452 2483 1523 2544 P.
1573 2483 1650 2543 L.
1702 2482 1788 2542 M.
1848 2482 2150 2568 Tomgll.

247 2610 312 2669 p.
342 2583 488 2646 251.
523 2607 663 2665 sqq.
707 2619 795 2630 —-
848 2584 1068 2665 Itaque
1128 2584 1182 2644 si
1233 2603 1357 2663 qua
1414 2583 1769 2643 Parmensis
1816 2581 2013 2642 Cassii
2053 2582 2154 2644 vi·-

247 2686 559 2769 tuperatio
603 2685 705 2747 hic
750 2685 1112 2766 quaerenda
1155 2683 1305 2761 erit,
1350 2682 1728 2764 praestiterit
1755 2702 1902 2742 cum
1927 2682 2150 2741 Ruhn-

248 2852 412 2860 ---»------ὐ

395 2942 481 3005 29)
528 2938 735 2991 Jahuius
773 2941 832 2990 ad
866 2941 1036 2991 Horat.
1086 2938 1188 2989 Sat.
1226 2937 1300 2989 X.
1353 2957 1400 3001 p.
1441 2943 1593 3001 250.‚
1645 2955 1764 3000 quae
1801 2935 2041 2999 Spo‘hnius
2089 2936 2150 2986 de

250 3013 341 3065 hoc
386 3016 491 3063 loco
538 3015 587 3060 in
635 3012 824 3062 Scholis
873 3015 1182 3075 disseruerit,
1233 3012 1446 3060 referens
1491 3012 1559 3058 ita
1607 3011 1801 3058 scribit:
1854 3009 2017 3070 „Fuit
2064 3009 2152 3057 ille

251 3092 333 3148 (n.
374 3087 571 3137 Cassius
607 3083 838 3136 Etruscus
884 3088 984 3134 sive
1021 3083 1321 3145 Parmensis)
1363 3094 1514 3144 poeta
1557 3081 1814 3130 'multorum
1863 3085 2148 3140 camninum,

251 3178 376 3229 quae
424 3171 585 3206 tamen
619 3157 802 3204 nullius
839 3160 994 3218 pretii
1039 3167 1196 3203 erant.
1273 3154 1465 3202 Errant
1500 3157 1625 3210 enim
1644 3191 1656 3212 ‚
1710 3156 1794 3218 qui
1833 3154 2051 3201 Cassium
2088 3151 2150 3199 ab

251 3224 472 3280 Horatio
508 3229 670 3291 Epist.
702 3227 748 3274 I.
791 3231 840 3275 4.
878 3234 925 3276 3.
965 3226 1168 3275 Ϊαηᾶανί
1196 3238 1394 3288 putant.
1467 3224 1551 3273 Ibi
1585 3227 1710 3272 enim
1746 3224 1994 3272 Horatius
2027 3221 2156 3271 nihil

252 3301 373 3352 dicit
415 3305 544 3350 nisis
601 3299 834 3348 scribisne
880 3312 934 3346 tu
979 3318 1101 3360 opus
1137 3297 1411 3363 quoddam,
1463 3294 1594 3362 quod
1625 3299 1849 3344 vastitate
1883 3314 1975 3344 sua
2009 3299 2154 3344 eiiam

251 3387 391 3423 vasta
425 3356 586 3422 bassii
619 3370 1163 3433 opusculasnperet?“
1209 3369 1273 3417 Et
1309 3370 1369 3417 ad
1404 3370 1559 3416 locum
1597 3367 1840 3428 Epistulae
1876 3368 1910 3415 l.
1943 3368 2001 3415 ab
2036 3364 2150 3414 Jah-

251 3449 334 3493 nio
386 3465 433 3507 p.
474 3447 594 3493 274.
634 3444 902 3490 adnotatum
939 3443 1170 3503 legimus:
1230 3443 1420 3504 „vincat
1454 3458 1521 3488 sc.
1559 3451 1691 3487 vasto
1741 3436 1951 3497 ambitu,
2000 3454 2152 3500 neque

253 3535 365 3566 vero
405 3518 732 3578 praestantia.
809 3513 1005 3560 Cassius
1040 3515 1166 3560 em‘m
1209 3513 1382 3562 multos
1415 3523 1462 3560 et
1494 3523 1655 3560 vastos
1688 3509 1839 3560 {ihros
1870 3511 2150 3570 scripserat,

255 3591 341 3655 qui
373 3601 535 3637 ttamen
569 3586 752 3635 nullius
778 3587 933 3648 pretii
968 3585 1173 3633 erant.“
1897 3601 1902 3607 ’
2012 3600 2013 3603 ’
