2236 3932
652 118 892 198 REBOE
933 153 1019 195 1¹:1¹
1060 148 1455 195 VBRBORUM·

177 291 395 344 habuerit
418 320 490 331 —
517 296 639 342 341.
668 316 741 330 -
767 292 912 350 tertia,
934 291 1026 341 snit

179 363 352 413 Fulvia
382 390 452 399 —
479 368 580 415 339
597 381 704 425 sqq.
729 389 797 401 —
829 381 894 412 ex
929 381 1025 425 qua

176 436 298 484 duos
323 434 448 483 filios
469 437 678 496 suscepit
705 461 768 470 —
797 438 896 485 341
914 451 1022 496 sqq.

179 535 244 543 —
274 524 397 568 quae
425 508 616 556 nomina
646 505 696 553 hi
730 505 817 554 filii
843 505 1024 555 habue-

177 580 273 626 rint
302 604 372 613 --
406 584 507 627 341
540 595 647 638 sqq.
685 606 750 615 -—-
794 593 891 625 nou
917 575 1022 625 Ro-

174 667 311 697 mana
337 649 426 697 sed
454 649 703 710 peregrina
736 650 937 697 nomina
960 650 1023 696 iis

175 722 406 781 imposuit
430 745 500 756 —
531 723 634 772 346
652 737 728 780 sq.
757 747 831 756 —
857 729 1022 781 quarta

175 793 265 839 suit
291 790 492 839 Octavia
518 800 632 838 natu
651 788 803 850 maior
825 819 888 829 --
917 793 1021 842 348

174 879 284 922 sqq.
325 867 426 921 355
448 879 524 922 sq.
567 889 627 897 —-
672 881 736 911 ex
771 878 867 928 qua
901 862 1022 910 duas

176 936 386 994 suscepit
400 932 526 981 filias
537 961 603 969 —
618 940 740 983 356.
754 962 822 972 -
833 933 1022 995 quando

175 1002 293 1052 haec
317 1006 375 1053 ab
390 1022 449 1053 eo
476 1006 718 1067 repudiata
737 1003 1018 1054 sit—ibid.

173 1101 244 1111 —
268 1074 494 1139 Cytheris
520 1079 662 1124 mima
686 1095 782 1138 quo
810 1086 1022 1138 tempore

174 1149 235 1195 ab
256 1165 314 1196 eo
338 1160 488 1196 amata
504 1151 565 1197 sit
582 1174 647 1187 --
669 1155 792 1198 339.
810 1177 880 1190 .-
905 1156 1022 1210 quot

172 1235 320 1269 annos
345 1221 520 1268 vixerit
555 1247 625 1255 -
659 1226 783 1270 335.
821 1246 891 1257 -
924 1220 1021 1268 duo

174 1293 283 1348 ejus
312 1293 466 1340 soceri
493 1319 560 1328 —
591 1296 714 1341 340.

102 1358 347 1411 Antonius
389 1360 575 1424 Rufus,
639 1372 906 1424 togatarum
968 1372 1019 1412 et

173 1442 523 1494 praetextarum
551 1435 785 1495 scriptor,
820 1435 882 1483 ab
909 1437 1018 1484 unis

172 1504 364 1554 Horatii
404 1501 691 1554 Scholiastis
733 1523 1019 1555 commemo·

147 1580 302 1624 ‘ratus
323 1602 390 1613 -
419 1581 522 1626 364
537 1593 643 1638 sqq.
674 1605 737 1615 -·-
763 1578 1016 1638 incertum,

172 1665 287 1695 num
311 1646 441 1696 idem
460 1651 523 1697 sit
540 1646 713 1707 Rufus,
741 1666 881 1710 quem
898 1647 1019 1699 Ovi-

171 1719 280 1768 dius
325 1730 660 1769 commemorat
703 1748 770 1759 -—
812 1726 915 1771 365
934 1738 1016 1783 sq.

171 1790 231 1838 ab
254 1807 312 1839 eo
338 1790 557 1841 diversus
582 1801 683 1850 est,
714 1794 796 1853 qui
814 1810 1019 1841 comme-

170 1873 381 1911 moratur
405 1880 432 1910 a
462 1862 760 1926 Quintiliano
798 1891 861 1901 —
894 1869 1019 1915 366.

166 1960 242 1971 --
274 1933 334 1992 ad
356 1951 464 1982 eum
492 1933 722 1983 Horatius
744 1932 899 1984 Odar.
921 1933 1016 1996 lv,

173 2010 226 2055 2.
263 2007 514 2066 scripsisse
549 2006 676 2056 salso
710 2006 921 2056 creditur
946 2034 1017 2044 —

177 2082 279 2127 364
296 2093 401 2137 sqq.
437 2105 501 2114 —

0 2104 2 2227 ι
97 2148 368 2212 Autyllus,
406 2164 610 2210 nomen,
642 2149 757 2211 quid
781 2149 1018 2214 significet

173 2248 228 2255 -
265 2222 385 2269 347.
413 2248 485 2258 -
515 2221 707 2270 obvium
736 2223 860 2283 apud
887 2232 1017 2271 vete-

0 2284 3 2405 ἷ
170 2308 248 2339 res
285 2316 356 2327 —
389 2289 512 2342 ibid.
554 2320 616 2331 -
669 2293 870 2347 fortasse
905 2311 1016 2343 cor-

0 2432 2 2459 Ι

169 2373 361 2422 ruptum
385 2363 508 2424 apud
534 2363 807 2425 Appianum
833 2375 880 2414 et
904 2363 1014 2413 Plu·
1042 2399 1053 2409 x

169 2431 379 2482 tarclmm
407 2461 475 2471 —-
502 2434 624 2483 ibid.
642 2461 712 2472 —
737 2437 1014 2498 impositum

0 2489 4 2619 ι
166 2522 192 2553 a
220 2501 295 2552 M.
325 2502 539 2555 Antonio
566 2507 668 2556 filio
694 2517 804 2556 natu
843 2510 1013 2569 majori

1 2622 5 2633 ,
166 2593 230 2624 ex
253 2574 425 2627 Fulvia
460 2603 532 2614 —
566 2579 665 2627 vid.
698 2581 833 2644 artic.
869 2597 974 2641 seq.

94 2646 362 2711 Antyllus,
392 2647 522 2698 filius
558 2647 635 2700 Μ.
659 2647 861 2701 Antonii
895 2661 1009 2701 natu

0 2648 6 2823 '
160 2722 322 2778 ,major
351 2736 413 2769 ex
450 2719 621 2770 Fulvia
669 2748 743 2758 -
778 2727 900 2773 341.
943 2751 1006 2762 --

163 2790 316 2839 dictus
345 2792 548 2841 sortasse
574 2790 648 2842 Μ.
674 2791 917 2844 Antonius
944 2819 1009 2833 -

167 2866 291 2912 342.
312 2890 377 2899 -
393 2864 579 2913 videtur
591 2865 844 2916 binominis
858 2867 1009 2917 fuisse

161 2957 233 2971 -
266 2939 387 2986 346.
415 2962 487 2972 —
509 2953 593 2985 cur
614 2954 788 2987 nomen
812 2936 1008 3003 Autylli

163 3014 296 3067 pater
317 3009 360 3055 ei
390 3008 666 3070 imposuerit
699 3035 774 3047 —
809 3014 913 3059 346
927 3026 1002 3072 sq.

162 3078 311 3137 patris
336 3078 466 3128 domi
490 3080 701 3142 forisque
726 3097 887 3131 comes
915 3082 1006 3131 fuit

159 3177 230 3187 —
257 3153 380 3199 342.
400 3155 519 3202 348.
543 3179 605 3189 -
634 3152 823 3214 quando
846 3163 1003 3218 togam

160 3220 348 3269 virilem
394 3225 616 3271 sumserit
660 3249 728 3260 —
778 3228 999 3275 342.·-

160 3292 204 3338 ei
229 3288 519 3341 Octavianus
540 3293 717 3345 Juliam
746 3295 893 3345 filiam
919 3297 1002 3346 de-

158 3362 412 3423 sponderat
449 3393 508 3402 -
545 3369 645 3416 259
662 3378 758 3416 not.
785 3371 907 3417 342.
929 3395 1001 3407 -

161 3435 282 3483 iuter
300 3434 479 3495 legatos
498 3449 602 3497 post
620 3456 821 3503 pugnam
833 3437 1001 3489 Actia·

155 3521 260 3553 cam
296 3506 357 3554 ad
386 3504 697 3559 Octavianum
735 3512 910 3560 missus
935 3540 995 3550 —

159 3581 261 3628 258
275 3593 350 3639 κῃ.
365 3603 431 3615 -
448 3581 554 3629 eins
569 3597 696 3631 mors
715 3607 780 3620 —
794 3589 914 3634 342.
928 3610 996 3622 -

1873 129 2003 197 383

1085 285 1277 351 Apollo
1309 287 1603 346 Tortor..--·
1623 293 1727 341 277
1746 300 1845 346 not.
1902 300 1917 324 τ’

1085 359 1419 422 Αριιῑοὶιιεδο
1443 357 1804 424 Orthographia
1841 364 1890 410 in
1926 378 2005 410 re-

1157 433 1270 494 bus,
1295 450 1417 495 quas
1440 441 1615 495 narrat,
1645 432 1824 480 nullam
1856 433 2003 483 fidem

1156 507 1368 557 meretur
1396 533 1456 541 —
1490 508 1615 557 142.
1641 508 1762 556 273.
1797 509 1919 554 367.

1083 571 1270 636 Aquini
1294 592 1527 637 nusquam
1549 576 1902 625 comemorati
1932 577 2006 624 in-

1155 648 1410 695 veniuntur
1443 672 1515 684 —
1555 652 1620 698 15
1640 655 1739 697 uat-

1085 713 1289 779 Aquiuii
1308 719 1473 780 plures
1492 725 1920 768 commemorantur
1933 743 2005 756 —

1159 791 1225 838 15
1242 798 1341 842 not.

1085 856 1357 921 Aquinius,
1397 870 1567 922 poeta,
1604 877 1630 908 a
1669 857 1861 911 Catullo
1895 872 2006 928 per-

1156 933 1407 994 stringitur
1443 960 1504 969 —
1552 934 1616 982 15
1634 941 1735 982 not.

1083 998 1363 1065 Argentarii
1400 1011 1450 1051 et
1482 1005 1706 1052 mensarii
1733 985 2006 1066 promiscue

1155 1074 1374 1123 dictmtur
1411 1103 1475 1111 —
1515 1080 1640 1125 285.

1082 1143 1280 1195 Asinius
1314 1143 1500 1205 Pollio,
1541 1143 1632 1208 G.,

1153 1215 1375 1266 Caesaris
1423 1218 1636 1279 partibus
1686 1246 1746 1256 —-
1801 1224 1887 1268 33.
1913 1245 2005 1278 ,τ-

1152 1291 1448 1350 conjunctior
1500 1298 1601 1337 erat
1649 1287 1726 1339 M.
1769 1288 2005 1353 Antonio,

1151 1362 1360 1421 iniquior
1384 1358 1650 1409 Octaviano
1684 1389 1747 1398 —
1784 1364 1904 1410 153.
1934 1391 2002 1400 ——·

1152 1435 1259 1494 ejus
1291 1434 1444 1493 gratia
1470 1431 1702 1491 florebant
1728 1431 1793 1483 L.
1818 1431 2005 1484 Varius

1152 1512 1203 1552 et
1227 1500 1376 1551 Cinna
1408 1531 1468 1540 -—
1501 1509 1582 1553 33.
1614 1531 1677 1540 —-
1714 1506 1761 1551 in
1799 1516 2003 1565 quorum

1155 1576 1407 1624 amicitiam
1427 1573 1688 1638 Virgilium
1713 1576 1912 1624 adduxit
1931 1606 2006 1614 --

1155 1650 1223 1696 24
1237 1663 1310 1707 sq.
1343 1674 1403 1683 —-—
1447 1643 1711 1709 Virgilium
1733 1645 2005 1696 Maecenati

1153 1726 1203 1767 et
1239 1716 1501 1766 Octaviano
1547 1719 1895 1768 commendavit
1930 1745 2005 1757 —

1153 1795 1242 1840 39.
1276 1817 1338 1826 —-
1366 1792 1415 1836 in
1445 1792 1550 1851 ejus
1572 1793 1778 1840 maxime
1802 1791 2006 1854 gratiam

1152 1863 1453 1910 carminibus'
1474 1862 1735 1911 scribendis
1766 1862 2005 1912 Horatius

1153 1950 1207 1982 se
1218 1935 1459 1982 insinuare
1473 1933 1655 1982 studuit
1667 1960 1741 1971 —-
1759 1940 1825 1985 39
1840 1951 1914 1996 sq.
1926 1961 2006 1971 --·

1153 2006 1244 2054 arti
1272 2008 1486 2068 poeticae
1509 2023 1701 2067 operam
1725 2010 1916 2055 navavit
1931 2034 1996 2044 —-

1155 2082 1217 2126 51
1239 2094 1344 2140 sqq.
1398 2082 1498 2128 148
1521 2095 1626 2140 sqq.
1678 2106 1740 2115 —-
1791 2080 2002 2128 carmina

1087 2187 1091 2191 .
1151 2150 1288 2211 epica
1313 2159 1361 2196 et
1394 2150 1544 2214 lyrica
1567 2153 1675 2212 ejus
1703 2166 1730 2199 a
1756 2151 2000 2200 veteribus

1150 2238 1245 2270 non
1259 2231 1684 2270 commemorantur
1696 2248 1767 2259 —
1783 2226 1883 2272 149
1893 2238 2000 2284 sqq.

1149 2293 1379 2356 singulari
1403 2310 1564 2342 amore
1582 2293 1866 2344 dramaticae
1882 2311 2002 2357 poe-

1147 2366 1219 2413 sis
1233 2365 1441 2414 studium
1465 2366 1714 2427 amplexus
1738 2379 1846 2417 esse
1864 2367 2000 2418 vide-

1148 2444 1226 2484 tur
1242 2445 1287 2484 et
1302 2438 1492 2499 scripsit
1507 2438 1775 2502 tragoedias
1787 2468 1859 2477 -
1871 2437 1995 2489 ibid.

1145 2507 1234 2557 sed
1264 2526 1374 2556 num
1411 2526 1470 2558 eo
1503 2510 1701 2559 consilio
1729 2510 1996 2574 scripserit,

1145 2589 1199 2628 ut
1226 2582 1274 2628 in
1308 2596 1448 2629 scena
1483 2591 1760 2645 agerentur,
1797 2582 1994 2633 dubium

1146 2659 1222 2700 est
1246 2678 1315 2688 -·
1341 2657 1441 2702 152
1458 2669 1534 2716 sq.
1552 2680 1645 2702 .—
1686 2653 1873 2703 videtur
1910 2673 1994 2706 eas

1144 2724 1303 2784 potius
1340 2726 1484 2773 animi
1526 2741 1695 2775 caussa
1739 2729 1993 2789 scripsisse

1141 2821 1213 2832 --
1241 2797 1341 2845 155
1355 2812 1464 2859 sqq.
1501 2820 1573 2836 —
1612 2798 1845 2846 bellorum
1877 2801 1993 2848 civi-

1141 2866 1260 2915 lium
1284 2864 1546 2918 historiam.
1560 2870 1768 2918 scribere
1799 2870 1991 2933 quaudo

1142 2939 1401 2989 instituerit
1426 2947 1622 2991 -—.153
1645 2959 1720 3003 sq.
1756 2968 1817 2979 —
1860 2943 1991 3005 quod

1139 3011 1368 3071 temporis
1399 3013 1605 3074 spatium
1635 3013 1884 3075 complecti
1913 3013 1989 3064 hi·

1138 3083 1333 3131 storiam
1369 3100 1505 3133 suam
1531 3085 1833 3134 voluerit·⁴—
1865 3090 1988 3137 154.

1138 3179 1208 3190 -
1233 3155 1440 3204 carmina
1465 3158 1572 3218 ejus
1594 3174 1689 3217 quo
1710 3171 1854 3206 sensu
1869 3155 1988 3208 Vir-

1138 3225 1286 3289 gilius
1313 3224 1491 3276 dixerit
1510 3245 1639 3277 nova
1664 3230 1889 3278 carmina
1918 3258 1981 3269 --

1141 3302 1226 3346 52.
1262 3300 1382 3348 149.
1415 3326 1487 3336 —-
1530 3317 1624 3361 quo
1660 3315 1805 3349 sensu
1824 3300 1987 3367 facta

1133 3384 1305 3431 regum
1332 3387 1500 3420 canere
1525 3371 1710 3420 dicatur
1742 3372 1801 3420 ab
1827 3370 1985 3423 Hora-

1138 3443 1205 3490 tio
1231 3467 1295 3485 ι-
1332 3446 1431 3493 149
1445 3460 1551 3503 sqq.
1578 3469 1648 3479 —-
1680 3442 1894 3494 defendit
1923 3443 1983 3496 C.

1132 3509 1339 3561 Nouium
1380 3512 1724 3575 Asprenatem,
1766 3517 1959 3565 venefic'

1136 3599 1271 3634 reum
1295 3612 1365 3624 -
1393 3591 1511 3637 198·
1541 3590 1662 3637 303·
1691 3590 1812 3639 313·
1839 3612 1911 3644 -,-
1936 3607 1947 3628 ‘

1678 1107 1868 1197 deditus
1902 1155 2008 1196 erat
