<?xml version="1.0" encoding="UTF-8"?>
<!DOCTYPE html PUBLIC "-//W3C//DTD XHTML 1.0 Transitional//EN"
    "http://www.w3.org/TR/xhtml1/DTD/xhtml1-transitional.dtd">
<html xmlns="http://www.w3.org/1999/xhtml" xml:lang="en" lang="en">
 <head>
  <title>
</title>
<meta http-equiv="Content-Type" content="text/html;charset=utf-8" />
  <meta name='ocr-system' content='tesseract 3.04.00' />
  <meta name='ocr-capabilities' content='ocr_page ocr_carea ocr_par ocr_line ocrx_word'/>
</head>
<body>
  <div class='ocr_page' id='page_1' title='image "./deluciivariietca00weicuoft_0253.png"; bbox 0 0 2236 3932; ppageno 0'>
   <div class='ocr_carea' id='block_1_1' title="bbox 687 153 1993 218">
    <p class='ocr_par' dir='ltr' id='par_1_1' title="bbox 687 153 1993 218">
     <span class='ocr_line' id='line_1_1' title="bbox 687 153 1993 218; baseline 0.003 -4"><span class='ocrx_word' id='word_1_1' title='bbox 687 172 773 214; x_wconf 78' lang='lat' dir='ltr'>m:</span> <span class='ocrx_word' id='word_1_2' title='bbox 816 172 1047 214; x_wconf 63' lang='lat' dir='ltr'>csssio</span> <span class='ocrx_word' id='word_1_3' title='bbox 1087 172 1455 214; x_wconf 38' lang='lat' dir='ltr'>etiannum.</span> <span class='ocrx_word' id='word_1_4' title='bbox 1868 153 1993 218; x_wconf 82' lang='lat'>235</span> 
     </span>
    </p>
   </div>
   <div class='ocr_carea' id='block_1_2' title="bbox 83 306 2084 3371">
    <p class='ocr_par' dir='ltr' id='par_1_2' title="bbox 87 306 2084 1280">
     <span class='ocr_line' id='line_1_2' title="bbox 258 306 1996 389; baseline -0.003 -19"><span class='ocrx_word' id='word_1_5' title='bbox 258 307 402 370; x_wconf 87' lang='lat' dir='ltr'>Jam</span> <span class='ocrx_word' id='word_1_6' title='bbox 443 329 608 388; x_wconf 87' lang='lat' dir='ltr'>quae</span> <span class='ocrx_word' id='word_1_7' title='bbox 649 329 687 370; x_wconf 89' lang='lat' dir='ltr'>a</span> <span class='ocrx_word' id='word_1_8' title='bbox 718 307 1004 389; x_wconf 82' lang='lat' dir='ltr'>Spohnio</span> <span class='ocrx_word' id='word_1_9' title='bbox 1047 309 1130 370; x_wconf 88' lang='lat' dir='ltr'>de</span> <span class='ocrx_word' id='word_1_10' title='bbox 1176 328 1350 369; x_wconf 82' lang='lat' dir='ltr'>nexu</span> <span class='ocrx_word' id='word_1_11' title='bbox 1391 306 1723 387; x_wconf 84' lang='lat' dir='ltr'>utriusque</span> <span class='ocrx_word' id='word_1_12' title='bbox 1767 310 1996 371; x_wconf 71' lang='lat' dir='ltr'>carmi-</span> 
     </span>
     <span class='ocr_line' id='line_1_3' title="bbox 89 407 1996 490; baseline 0 -20"><span class='ocrx_word' id='word_1_13' title='bbox 89 407 188 470; x_wconf 85' lang='lat' dir='ltr'>nis</span> <span class='ocrx_word' id='word_1_14' title='bbox 229 407 557 469; x_wconf 87' lang='lat' dir='ltr'>Horatiani</span> <span class='ocrx_word' id='word_1_15' title='bbox 598 427 672 468; x_wconf 89' lang='lat' dir='ltr'>ac</span> <span class='ocrx_word' id='word_1_16' title='bbox 726 409 985 468; x_wconf 86' lang='lat' dir='ltr'>consilio</span> <span class='ocrx_word' id='word_1_17' title='bbox 1041 407 1321 489; x_wconf 87' lang='lat' dir='ltr'>perscite</span> <span class='ocrx_word' id='word_1_18' title='bbox 1367 427 1612 488; x_wconf 78' lang='lat' dir='ltr'>perque</span> <span class='ocrx_word' id='word_1_19' title='bbox 1665 408 1996 490; x_wconf 86' lang='lat' dir='ltr'>ingeniose</span> 
     </span>
     <span class='ocr_line' id='line_1_4' title="bbox 91 505 1995 587; baseline 0.001 -20"><span class='ocrx_word' id='word_1_20' title='bbox 91 508 405 587; x_wconf 82' lang='lat' dir='ltr'>disputata</span> <span class='ocrx_word' id='word_1_21' title='bbox 459 512 639 582; x_wconf 72' lang='lat' dir='ltr'>srmt,</span> <span class='ocrx_word' id='word_1_22' title='bbox 710 506 802 566; x_wconf 87' lang='lat' dir='ltr'>eis</span> <span class='ocrx_word' id='word_1_23' title='bbox 855 505 1066 567; x_wconf 87' lang='lat' dir='ltr'>facere</span> <span class='ocrx_word' id='word_1_24' title='bbox 1121 528 1253 568; x_wconf 89' lang='lat' dir='ltr'>non</span> <span class='ocrx_word' id='word_1_25' title='bbox 1311 527 1569 587; x_wconf 88' lang='lat' dir='ltr'>possum</span> <span class='ocrx_word' id='word_1_26' title='bbox 1625 508 1784 586; x_wconf 75' lang='lat' dir='ltr'>quin</span> <span class='ocrx_word' id='word_1_27' title='bbox 1826 513 1995 568; x_wconf 86' lang='lat' dir='ltr'>totus</span> 
     </span>
     <span class='ocr_line' id='line_1_5' title="bbox 90 604 1996 683; baseline -0.001 -15"><span class='ocrx_word' id='word_1_28' title='bbox 90 606 417 668; x_wconf 84' lang='lat' dir='ltr'>assentiar.</span> <span class='ocrx_word' id='word_1_29' title='bbox 527 604 612 664; x_wconf 85' lang='lat' dir='ltr'>At</span> <span class='ocrx_word' id='word_1_30' title='bbox 668 624 847 666; x_wconf 86' lang='lat' dir='ltr'>secus</span> <span class='ocrx_word' id='word_1_31' title='bbox 906 611 1115 666; x_wconf 85' lang='lat' dir='ltr'>statuo</span> <span class='ocrx_word' id='word_1_32' title='bbox 1175 607 1255 667; x_wconf 87' lang='lat' dir='ltr'>‹le</span> <span class='ocrx_word' id='word_1_33' title='bbox 1314 605 1583 683; x_wconf 81' lang='lat' dir='ltr'>Glycera</span> <span class='ocrx_word' id='word_1_34' title='bbox 1630 606 1740 666; x_wconf 88' lang='lat' dir='ltr'>illa</span> <span class='ocrx_word' id='word_1_35' title='bbox 1796 625 1870 666; x_wconf 90' lang='lat' dir='ltr'>ac</span> <span class='ocrx_word' id='word_1_36' title='bbox 1915 608 1996 668; x_wconf 77' lang='lat' dir='ltr'>(le</span> 
     </span>
     <span class='ocr_line' id='line_1_6' title="bbox 89 703 1998 785; baseline -0.001 -19"><span class='ocrx_word' id='word_1_37' title='bbox 89 711 413 785; x_wconf 86' lang='lat' dir='ltr'>tempore,</span> <span class='ocrx_word' id='word_1_38' title='bbox 487 724 617 783; x_wconf 90' lang='lat' dir='ltr'>quo</span> <span class='ocrx_word' id='word_1_39' title='bbox 673 703 971 765; x_wconf 83' lang='lat' dir='ltr'><strong>Horatius</strong></span> <span class='ocrx_word' id='word_1_40' title='bbox 1035 706 1144 764; x_wconf 91' lang='lat' dir='ltr'>illa</span> <span class='ocrx_word' id='word_1_41' title='bbox 1200 706 1279 765; x_wconf 85' lang='lat' dir='ltr'>ad</span> <span class='ocrx_word' id='word_1_42' title='bbox 1334 704 1663 765; x_wconf 86' lang='lat' dir='ltr'>Tibullum</span> <span class='ocrx_word' id='word_1_43' title='bbox 1718 706 1998 765; x_wconf 89' lang='lat' dir='ltr'>carmina</span> 
     </span>
     <span class='ocr_line' id='line_1_7' title="bbox 90 803 2084 885; baseline 0 -21"><span class='ocrx_word' id='word_1_44' title='bbox 90 803 518 883; x_wconf 75' lang='lat' dir='ltr'>composuisse</span> <span class='ocrx_word' id='word_1_45' title='bbox 562 803 806 863; x_wconf 89' lang='lat' dir='ltr'>dicitur.</span> <span class='ocrx_word' id='word_1_46' title='bbox 892 803 1029 885; x_wconf 83' lang='lat' dir='ltr'>Ego</span> <span class='ocrx_word' id='word_1_47' title='bbox 1074 805 1279 880; x_wconf 85' lang='lat' dir='ltr'>enim,</span> <span class='ocrx_word' id='word_1_48' title='bbox 1323 805 1493 885; x_wconf 88' lang='lat' dir='ltr'>quod</span> <span class='ocrx_word' id='word_1_49' title='bbox 1535 805 1614 865; x_wconf 86' lang='lat' dir='ltr'>ad</span> <span class='ocrx_word' id='word_1_50' title='bbox 1658 803 1997 883; x_wconf 80' lang='lat' dir='ltr'>Glyceram</span> <span class='ocrx_word' id='word_1_51' title='bbox 2081 819 2084 825; x_wconf 84' lang='lat'>&#39;</span> 
     </span>
     <span class='ocr_line' id='line_1_8' title="bbox 90 901 1998 977; baseline 0.001 -15"><span class='ocrx_word' id='word_1_52' title='bbox 90 902 331 977; x_wconf 83' lang='lat' dir='ltr'>attinet,</span> <span class='ocrx_word' id='word_1_53' title='bbox 375 901 735 962; x_wconf 86' lang='lat' dir='ltr'>faciendum</span> <span class='ocrx_word' id='word_1_54' title='bbox 765 922 906 962; x_wconf 87' lang='lat' dir='ltr'>esse</span> <span class='ocrx_word' id='word_1_55' title='bbox 951 903 1221 963; x_wconf 83' lang='lat' dir='ltr'>arbitror</span> <span class='ocrx_word' id='word_1_56' title='bbox 1265 925 1410 964; x_wconf 88' lang='lat' dir='ltr'>oum</span> <span class='ocrx_word' id='word_1_57' title='bbox 1450 903 1554 964; x_wconf 88' lang='lat' dir='ltr'>Fr.</span> <span class='ocrx_word' id='word_1_58' title='bbox 1587 902 1886 965; x_wconf 81' lang='lat' dir='ltr'>Passovio</span> <span class='ocrx_word' id='word_1_59' title='bbox 1930 904 1998 963; x_wconf 89' lang='lat' dir='ltr'>in</span> 
     </span>
     <span class='ocr_line' id='line_1_9' title="bbox 90 998 1997 1080; baseline 0.001 -18"><span class='ocrx_word' id='word_1_60' title='bbox 90 1000 389 1062; x_wconf 84' lang='lat' dir='ltr'>Seebodii</span> <span class='ocrx_word' id='word_1_61' title='bbox 416 999 663 1059; x_wconf 77' lang='lat' dir='ltr'>Archiv</span> <span class='ocrx_word' id='word_1_62' title='bbox 686 998 830 1080; x_wconf 69' lang='lat' dir='ltr'>fiir</span> <span class='ocrx_word' id='word_1_63' title='bbox 865 1000 1098 1061; x_wconf 71' lang='lat' dir='ltr'>Philol.</span> <span class='ocrx_word' id='word_1_64' title='bbox 1141 1024 1208 1061; x_wconf 79' lang='lat' dir='ltr'>u.</span> <span class='ocrx_word' id='word_1_65' title='bbox 1244 1003 1492 1079; x_wconf 76' lang='lat' dir='ltr'>Pic&#39;dag.</span> <span class='ocrx_word' id='word_1_66' title='bbox 1529 1001 1673 1062; x_wconf 90' lang='lat' dir='ltr'>Vol.</span> <span class='ocrx_word' id='word_1_67' title='bbox 1692 1002 1777 1062; x_wconf 93' lang='grc' dir='ltr'>Π.</span> <span class='ocrx_word' id='word_1_68' title='bbox 1810 1003 1997 1064; x_wconf 84' lang='lat'>1825.</span> 
     </span>
     <span class='ocr_line' id='line_1_10' title="bbox 87 1093 1998 1179; baseline 0.002 -20"><span class='ocrx_word' id='word_1_69' title='bbox 87 1120 153 1179; x_wconf 86' lang='lat' dir='ltr'>p.</span> <span class='ocrx_word' id='word_1_70' title='bbox 203 1099 344 1158; x_wconf 85' lang='lat'><strong>189.</strong></span> <span class='ocrx_word' id='word_1_71' title='bbox 376 1118 552 1179; x_wconf 85' lang='lat' dir='ltr'>sqq.‚</span> <span class='ocrx_word' id='word_1_72' title='bbox 613 1099 723 1179; x_wconf 89' lang='lat' dir='ltr'>qui</span> <span class='ocrx_word' id='word_1_73' title='bbox 778 1093 1031 1160; x_wconf 79' lang='lat' dir='ltr'>secutus</span> <span class='ocrx_word' id='word_1_74' title='bbox 1086 1100 1519 1160; x_wconf 88' lang='lat' dir='ltr'>testimonium</span> <span class='ocrx_word' id='word_1_75' title='bbox 1564 1099 1776 1164; x_wconf 86' lang='lat' dir='ltr'>Ovidii</span> <span class='ocrx_word' id='word_1_76' title='bbox 1815 1101 1998 1164; x_wconf 87' lang='lat' dir='ltr'>Libr.</span> 
     </span>
     <span class='ocr_line' id='line_1_11' title="bbox 87 1196 1062 1280; baseline 0.001 -23"><span class='ocrx_word' id='word_1_77' title='bbox 87 1196 204 1257; x_wconf 83' lang='lat' dir='ltr'>m.</span> <span class='ocrx_word' id='word_1_78' title='bbox 247 1197 468 1258; x_wconf 83' lang='lat' dir='ltr'>Amor.</span> <span class='ocrx_word' id='word_1_79' title='bbox 515 1196 690 1280; x_wconf 83' lang='lat' dir='ltr'>Eleg.</span> <span class='ocrx_word' id='word_1_80' title='bbox 721 1199 783 1259; x_wconf 84' lang='lat'>9.</span> <span class='ocrx_word' id='word_1_81' title='bbox 827 1219 890 1260; x_wconf 88' lang='lat' dir='ltr'>v.</span> <span class='ocrx_word' id='word_1_82' title='bbox 921 1198 1062 1259; x_wconf 78' lang='lat'><strong>31.=</strong></span> 
     </span>
    </p>

    <p class='ocr_par' dir='ltr' id='par_1_3' title="bbox 83 1284 2007 3371">
     <span class='ocr_line' id='line_1_12' title="bbox 172 1284 1999 1375; baseline 0.002 -19"><span class='ocrx_word' id='word_1_83' title='bbox 172 1295 280 1357; x_wconf 74' lang='lat' dir='ltr'>Sic</span> <span class='ocrx_word' id='word_1_84' title='bbox 312 1296 609 1358; x_wconf 77' lang='lat' dir='ltr'>Nemesis</span> <span class='ocrx_word' id='word_1_85' title='bbox 651 1298 951 1375; x_wconf 76' lang='lat' dir='ltr'>longum,</span> <span class='ocrx_word' id='word_1_86' title='bbox 996 1297 1088 1358; x_wconf 76' lang='lat' dir='ltr'>sic</span> <span class='ocrx_word' id='word_1_87' title='bbox 1126 1295 1325 1359; x_wconf 74' lang='lat' dir='ltr'>Delia</span> <span class='ocrx_word' id='word_1_88' title='bbox 1367 1317 1605 1357; x_wconf 76' lang='lat' dir='ltr'>nomen</span> <span class='ocrx_word' id='word_1_89' title='bbox 1647 1284 1999 1375; x_wconf 60' lang='lat' dir='ltr'>habebunt,</span> 
     </span>
     <span class='ocr_line' id='line_1_13' title="bbox 345 1394 1909 1476; baseline 0.001 -21"><span class='ocrx_word' id='word_1_90' title='bbox 345 1396 585 1456; x_wconf 82' lang='lat' dir='ltr'>Altera</span> <span class='ocrx_word' id='word_1_91' title='bbox 631 1418 792 1455; x_wconf 78' lang='lat' dir='ltr'>cum</span> <span class='ocrx_word' id='word_1_92' title='bbox 834 1416 1085 1472; x_wconf 84' lang='lat' dir='ltr'>recens,</span> <span class='ocrx_word' id='word_1_93' title='bbox 1132 1397 1346 1456; x_wconf 79' lang='lat' dir='ltr'>altera</span> <span class='ocrx_word' id='word_1_94' title='bbox 1380 1394 1642 1476; x_wconf 74' lang='lat' dir='ltr'>primus</span> <span class='ocrx_word' id='word_1_95' title='bbox 1686 1418 1909 1471; x_wconf 78' lang='lat' dir='ltr'>amor,-</span> 
     </span>
     <span class='ocr_line' id='line_1_14' title="bbox 90 1494 2002 1576; baseline 0 -19"><span class='ocrx_word' id='word_1_96' title='bbox 90 1496 246 1557; x_wconf 78' lang='lat' dir='ltr'>(luas</span> <span class='ocrx_word' id='word_1_97' title='bbox 300 1501 548 1555; x_wconf 85' lang='lat' dir='ltr'>tantum</span> <span class='ocrx_word' id='word_1_98' title='bbox 605 1495 846 1576; x_wconf 88' lang='lat' dir='ltr'>puellas</span> <span class='ocrx_word' id='word_1_99' title='bbox 902 1496 1055 1558; x_wconf 80' lang='lat' dir='ltr'>dicit</span> <span class='ocrx_word' id='word_1_100' title='bbox 1113 1516 1148 1556; x_wconf 87' lang='lat' dir='ltr'>a</span> <span class='ocrx_word' id='word_1_101' title='bbox 1212 1495 1469 1554; x_wconf 87' lang='lat' dir='ltr'>Tibullo</span> <span class='ocrx_word' id='word_1_102' title='bbox 1523 1494 1716 1566; x_wconf 74' lang='lat' dir='ltr'>fuisse</span> <span class='ocrx_word' id='word_1_103' title='bbox 1760 1503 2002 1566; x_wconf 83' lang='lat' dir='ltr'>amatas</span> 
     </span>
     <span class='ocr_line' id='line_1_15' title="bbox 88 1594 2001 1675; baseline 0.001 -20"><span class='ocrx_word' id='word_1_104' title='bbox 88 1595 213 1671; x_wconf 72' lang='lat' dir='ltr'>sic,</span> <span class='ocrx_word' id='word_1_105' title='bbox 285 1601 359 1653; x_wconf 91' lang='lat' dir='ltr'>ut</span> <span class='ocrx_word' id='word_1_106' title='bbox 417 1595 620 1675; x_wconf 86' lang='lat' dir='ltr'>prima</span> <span class='ocrx_word' id='word_1_107' title='bbox 676 1614 828 1655; x_wconf 89' lang='lat' dir='ltr'>cura</span> <span class='ocrx_word' id='word_1_108' title='bbox 885 1603 1049 1656; x_wconf 89' lang='lat' dir='ltr'>esset</span> <span class='ocrx_word' id='word_1_109' title='bbox 1101 1594 1315 1670; x_wconf 88' lang='lat' dir='ltr'>Delia,</span> <span class='ocrx_word' id='word_1_110' title='bbox 1391 1602 1715 1675; x_wconf 87' lang='lat' dir='ltr'>postrema</span> <span class='ocrx_word' id='word_1_111' title='bbox 1768 1594 2001 1656; x_wconf 86' lang='lat' dir='ltr'>Neme-</span> 
     </span>
     <span class='ocr_line' id='line_1_16' title="bbox 87 1692 2003 1775; baseline 0.003 -21"><span class='ocrx_word' id='word_1_112' title='bbox 87 1694 211 1772; x_wconf 84' lang='lat' dir='ltr'>sis,</span> <span class='ocrx_word' id='word_1_113' title='bbox 282 1693 374 1754; x_wconf 91' lang='lat' dir='ltr'>uti</span> <span class='ocrx_word' id='word_1_114' title='bbox 428 1694 762 1775; x_wconf 83' lang='lat' dir='ltr'>perspicue</span> <span class='ocrx_word' id='word_1_115' title='bbox 818 1700 1146 1756; x_wconf 86' lang='lat' dir='ltr'>attestetur</span> <span class='ocrx_word' id='word_1_116' title='bbox 1201 1693 1375 1754; x_wconf 89' lang='lat' dir='ltr'>idem</span> <span class='ocrx_word' id='word_1_117' title='bbox 1435 1692 1704 1756; x_wconf 84' lang='lat' dir='ltr'>Ovidius</span> <span class='ocrx_word' id='word_1_118' title='bbox 1758 1694 2003 1761; x_wconf 81' lang='lat' dir='ltr'>ibidem</span> 
     </span>
     <span class='ocr_line' id='line_1_17' title="bbox 85 1793 338 1857; baseline -0.016 0"><span class='ocrx_word' id='word_1_119' title='bbox 85 1814 152 1857; x_wconf 79' lang='lat' dir='ltr'>v.</span> <span class='ocrx_word' id='word_1_120' title='bbox 197 1793 338 1855; x_wconf 81' lang='lat'><strong>55.:</strong></span> 
     </span>
     <span class='ocr_line' id='line_1_18' title="bbox 170 1891 1855 1976; baseline -0.001 -21"><span class='ocrx_word' id='word_1_121' title='bbox 170 1892 371 1955; x_wconf 77' lang='lat' dir='ltr'>Delia</span> <span class='ocrx_word' id='word_1_122' title='bbox 413 1891 742 1953; x_wconf 72' lang='lat' dir='ltr'>discedens</span> <span class='ocrx_word' id='word_1_123' title='bbox 782 1891 1185 1971; x_wconf 61' lang='lat' dir='ltr'>„FeleT‹,‘c&#39;u2‹›=“⁹</span> <span class='ocrx_word' id='word_1_124' title='bbox 1229 1893 1475 1976; x_wconf 72' lang='lat' dir='ltr'>inqu-it,</span> <span class='ocrx_word' id='word_1_125' title='bbox 1519 1898 1855 1969; x_wconf 78' lang='lat' dir='ltr'>„amata“</span> 
     </span>
     <span class='ocr_line' id='line_1_19' title="bbox 341 1991 2001 2073; baseline 0.002 -22"><span class='ocrx_word' id='word_1_126' title='bbox 341 1993 553 2068; x_wconf 77' lang='lat' dir='ltr'>„Sum</span> <span class='ocrx_word' id='word_1_127' title='bbox 596 1991 746 2053; x_wconf 73' lang='lat' dir='ltr'>tibi.-</span> <span class='ocrx_word' id='word_1_128' title='bbox 804 1991 1073 2070; x_wconf 69' lang='lat' dir='ltr'>vixisti,</span> <span class='ocrx_word' id='word_1_129' title='bbox 1133 1996 1291 2055; x_wconf 78' lang='lat' dir='ltr'>dum</span> <span class='ocrx_word' id='word_1_130' title='bbox 1333 2005 1487 2055; x_wconf 79' lang='lat' dir='ltr'>tuus</span> <span class='ocrx_word' id='word_1_131' title='bbox 1528 1992 1704 2073; x_wconf 59' lang='lat' dir='ltr'>ignis</span> <span class='ocrx_word' id='word_1_132' title='bbox 1746 1998 2001 2055; x_wconf 84' lang='lat' dir='ltr'>eram.“</span> 
     </span>
     <span class='ocr_line' id='line_1_20' title="bbox 177 2090 2000 2171; baseline -0.001 -14"><span class='ocrx_word' id='word_1_133' title='bbox 177 2090 304 2157; x_wconf 76' lang='lat' dir='ltr'>Cui</span> <span class='ocrx_word' id='word_1_134' title='bbox 343 2090 635 2154; x_wconf 75' lang='lat' dir='ltr'>Nemesis</span> <span class='ocrx_word' id='word_1_135' title='bbox 673 2090 954 2171; x_wconf 76' lang='grc' dir='ltr'>,,()ιιίἀ“</span> <span class='ocrx_word' id='word_1_136' title='bbox 998 2092 1100 2154; x_wconf 77' lang='lat' dir='ltr'>ait</span> <span class='ocrx_word' id='word_1_137' title='bbox 1141 2093 1311 2171; x_wconf 70' lang='lat' dir='ltr'>„tibi</span> <span class='ocrx_word' id='word_1_138' title='bbox 1347 2103 1503 2154; x_wconf 79' lang='lat' dir='ltr'>sunt</span> <span class='ocrx_word' id='word_1_139' title='bbox 1555 2115 1706 2154; x_wconf 65' lang='lat' dir='ltr'>‘mea</span> <span class='ocrx_word' id='word_1_140' title='bbox 1750 2095 2000 2156; x_wconf 79' lang='lat' dir='ltr'>damna</span> 
     </span>
     <span class='ocr_line' id='line_1_21' title="bbox 1129 2189 1391 2254; baseline 0.004 -1"><span class='ocrx_word' id='word_1_141' title='bbox 1129 2189 1391 2254; x_wconf 76' lang='lat' dir='ltr'>dolori?</span> 
     </span>
     <span class='ocr_line' id='line_1_22' title="bbox 343 2290 1778 2374; baseline 0.001 -23"><span class='ocrx_word' id='word_1_142' title='bbox 343 2292 503 2368; x_wconf 86' lang='lat' dir='ltr'>„Me</span> <span class='ocrx_word' id='word_1_143' title='bbox 543 2290 755 2352; x_wconf 77' lang='lat' dir='ltr'>tenuit</span> <span class='ocrx_word' id='word_1_144' title='bbox 796 2291 1076 2354; x_wconf 77' lang='lat' dir='ltr'>moriens</span> <span class='ocrx_word' id='word_1_145' title='bbox 1118 2292 1456 2374; x_wconf 69' lang='lat' dir='ltr'>deficiente</span> <span class='ocrx_word' id='word_1_146' title='bbox 1494 2298 1778 2354; x_wconf 77' lang='lat' dir='ltr'>manu.-“</span> 
     </span>
     <span class='ocr_line' id='line_1_23' title="bbox 89 2390 1999 2477; baseline 0.002 -24"><span class='ocrx_word' id='word_1_147' title='bbox 89 2390 301 2454; x_wconf 81' lang='lat' dir='ltr'>Cuivis</span> <span class='ocrx_word' id='word_1_148' title='bbox 344 2397 555 2452; x_wconf 85' lang='lat' dir='ltr'>autem</span> <span class='ocrx_word' id='word_1_149' title='bbox 585 2393 950 2471; x_wconf 83' lang='lat' dir='ltr'>quaerenti,</span> <span class='ocrx_word' id='word_1_150' title='bbox 994 2400 1205 2453; x_wconf 90' lang='lat' dir='ltr'>utram</span> <span class='ocrx_word' id='word_1_151' title='bbox 1249 2412 1337 2454; x_wconf 81' lang='lat' dir='ltr'>ex</span> <span class='ocrx_word' id='word_1_152' title='bbox 1378 2394 1500 2454; x_wconf 89' lang='lat' dir='ltr'>illis</span> <span class='ocrx_word' id='word_1_153' title='bbox 1525 2393 1762 2477; x_wconf 51' lang='lat' dir='ltr'>puellis,</span> <span class='ocrx_word' id='word_1_154' title='bbox 1782 2399 1999 2457; x_wconf 86' lang='lat' dir='ltr'>mente</span> 
     </span>
     <span class='ocr_line' id='line_1_24' title="bbox 86 2489 1998 2571; baseline 0.001 -17"><span class='ocrx_word' id='word_1_155' title='bbox 86 2490 378 2554; x_wconf 88' lang='lat' dir='ltr'>habuerit</span> <span class='ocrx_word' id='word_1_156' title='bbox 433 2489 732 2552; x_wconf 82' lang='lat' dir='ltr'>Horatius</span> <span class='ocrx_word' id='word_1_157' title='bbox 746 2536 766 2567; x_wconf 88' lang='lat'>‚</span> <span class='ocrx_word' id='word_1_158' title='bbox 835 2490 1145 2570; x_wconf 84' lang='lat' dir='ltr'>Glycerae</span> <span class='ocrx_word' id='word_1_159' title='bbox 1188 2493 1447 2555; x_wconf 89' lang='lat' dir='ltr'>nomine</span> <span class='ocrx_word' id='word_1_160' title='bbox 1492 2494 1770 2571; x_wconf 84' lang='lat' dir='ltr'>dictam,</span> <span class='ocrx_word' id='word_1_161' title='bbox 1813 2492 1998 2557; x_wconf 85' lang='lat' dir='ltr'>facile</span> 
     </span>
     <span class='ocr_line' id='line_1_25' title="bbox 87 2587 1998 2678; baseline 0.001 -25"><span class='ocrx_word' id='word_1_162' title='bbox 87 2611 228 2653; x_wconf 84' lang='lat' dir='ltr'>sese</span> <span class='ocrx_word' id='word_1_163' title='bbox 271 2587 456 2652; x_wconf 86' lang='lat' dir='ltr'>offert</span> <span class='ocrx_word' id='word_1_164' title='bbox 496 2590 813 2651; x_wconf 75' lang='lat' dir='ltr'>Nemesis.</span> <span class='ocrx_word' id='word_1_165' title='bbox 898 2592 1109 2672; x_wconf 87' lang='lat' dir='ltr'>Atque</span> <span class='ocrx_word' id='word_1_166' title='bbox 1153 2612 1294 2653; x_wconf 87' lang='lat' dir='ltr'>eam</span> <span class='ocrx_word' id='word_1_167' title='bbox 1334 2593 1622 2678; x_wconf 84' lang='lat' dir='ltr'>intelligit</span> <span class='ocrx_word' id='word_1_168' title='bbox 1660 2593 1998 2656; x_wconf 85' lang='lat' dir='ltr'>Passovius</span> 
     </span>
     <span class='ocr_line' id='line_1_26' title="bbox 85 2690 1999 2775; baseline 0.001 -23"><span class='ocrx_word' id='word_1_169' title='bbox 85 2690 186 2752; x_wconf 86' lang='lat' dir='ltr'>his</span> <span class='ocrx_word' id='word_1_170' title='bbox 226 2690 626 2772; x_wconf 84' lang='lat' dir='ltr'>potissimum</span> <span class='ocrx_word' id='word_1_171' title='bbox 668 2690 1018 2751; x_wconf 89' lang='lat' dir='ltr'>rationibus</span> <span class='ocrx_word' id='word_1_172' title='bbox 1061 2699 1409 2773; x_wconf 79' lang='lat' dir='ltr'>permotus·</span> <span class='ocrx_word' id='word_1_173' title='bbox 1510 2694 1794 2754; x_wconf 88' lang='lat' dir='ltr'>Primum</span> <span class='ocrx_word' id='word_1_174' title='bbox 1844 2694 1999 2775; x_wconf 78' lang='lat' dir='ltr'>Gly-</span> 
     </span>
     <span class='ocr_line' id='line_1_27' title="bbox 86 2789 2000 2874; baseline 0.002 -22"><span class='ocrx_word' id='word_1_175' title='bbox 86 2811 272 2863; x_wconf 71' lang='lat' dir='ltr'>cerae</span> <span class='ocrx_word' id='word_1_176' title='bbox 314 2796 379 2851; x_wconf 90' lang='lat' dir='ltr'>et</span> <span class='ocrx_word' id='word_1_177' title='bbox 421 2789 713 2852; x_wconf 74' lang='lat' dir='ltr'>Nemesis</span> <span class='ocrx_word' id='word_1_178' title='bbox 755 2790 1010 2852; x_wconf 88' lang='lat' dir='ltr'>nomina</span> <span class='ocrx_word' id='word_1_179' title='bbox 1052 2791 1173 2852; x_wconf 89' lang='lat' dir='ltr'>sibi</span> <span class='ocrx_word' id='word_1_180' title='bbox 1215 2794 1601 2874; x_wconf 88' lang='lat' dir='ltr'>respondent</span> <span class='ocrx_word' id='word_1_181' title='bbox 1625 2814 1757 2857; x_wconf 89' lang='lat' dir='ltr'>non</span> <span class='ocrx_word' id='word_1_182' title='bbox 1792 2794 2000 2856; x_wconf 89' lang='lat' dir='ltr'>solum</span> 
     </span>
     <span class='ocr_line' id='line_1_28' title="bbox 84 2891 2001 2973; baseline 0.002 -23"><span class='ocrx_word' id='word_1_183' title='bbox 84 2909 389 2966; x_wconf 86' lang='lat' dir='ltr'>numero,</span> <span class='ocrx_word' id='word_1_184' title='bbox 465 2891 576 2950; x_wconf 84' lang='lat' dir='ltr'>sed</span> <span class='ocrx_word' id='word_1_185' title='bbox 634 2891 825 2951; x_wconf 87' lang='lat' dir='ltr'>etiam</span> <span class='ocrx_word' id='word_1_186' title='bbox 882 2891 1232 2973; x_wconf 83' lang='lat' dir='ltr'>quantitate</span> <span class='ocrx_word' id='word_1_187' title='bbox 1289 2892 1709 2971; x_wconf 86' lang='lat' dir='ltr'>syllabarum,</span> <span class='ocrx_word' id='word_1_188' title='bbox 1782 2894 1873 2954; x_wconf 85' lang='lat' dir='ltr'>ita</span> <span class='ocrx_word' id='word_1_189' title='bbox 1927 2899 2001 2955; x_wconf 83' lang='lat' dir='ltr'>ut</span> 
     </span>
     <span class='ocr_line' id='line_1_29' title="bbox 83 2987 2000 3074; baseline 0.004 -25"><span class='ocrx_word' id='word_1_190' title='bbox 83 2987 383 3051; x_wconf 81' lang='lat' dir='ltr'>Horatius</span> <span class='ocrx_word' id='word_1_191' title='bbox 426 3009 674 3052; x_wconf 90' lang='lat' dir='ltr'>morem</span> <span class='ocrx_word' id='word_1_192' title='bbox 715 2989 903 3051; x_wconf 85' lang='lat' dir='ltr'>istum</span> <span class='ocrx_word' id='word_1_193' title='bbox 957 2990 1023 3051; x_wconf 90' lang='lat' dir='ltr'>in</span> <span class='ocrx_word' id='word_1_194' title='bbox 1078 2991 1412 3055; x_wconf 89' lang='lat' dir='ltr'>nominum</span> <span class='ocrx_word' id='word_1_195' title='bbox 1452 2993 1917 3074; x_wconf 84' lang='lat' dir='ltr'>permutatione</span> <span class='ocrx_word' id='word_1_196' title='bbox 1960 3013 2000 3056; x_wconf 86' lang='lat' dir='ltr'>a</span> 
     </span>
     <span class='ocr_line' id='line_1_30' title="bbox 86 3088 2007 3171; baseline 0.005 -24"><span class='ocrx_word' id='word_1_197' title='bbox 86 3088 287 3169; x_wconf 84' lang='lat' dir='ltr'>poetis</span> <span class='ocrx_word' id='word_1_198' title='bbox 308 3089 603 3170; x_wconf 85' lang='lat' dir='ltr'>usurpari</span> <span class='ocrx_word' id='word_1_199' title='bbox 629 3090 883 3151; x_wconf 87' lang='lat' dir='ltr'>solitum</span> <span class='ocrx_word' id='word_1_200' title='bbox 913 3098 1137 3152; x_wconf 82' lang='lat' dir='ltr'>exacte</span> <span class='ocrx_word' id='word_1_201' title='bbox 1167 3091 1598 3155; x_wconf 81' lang='lat' dir='ltr'>observaverit</span> <span class='ocrx_word' id='word_1_202' title='bbox 1611 3093 1706 3171; x_wconf 83' lang='lat'>²⁰).</span> <span class='ocrx_word' id='word_1_203' title='bbox 1750 3093 2007 3156; x_wconf 85' lang='lat' dir='ltr'>Deinde·</span> 
     </span>
     <span class='ocr_line' id='line_1_31' title="bbox 83 3186 2000 3275; baseline 0.003 -26"><span class='ocrx_word' id='word_1_204' title='bbox 83 3186 376 3249; x_wconf 75' lang='lat' dir='ltr'>Nemesis</span> <span class='ocrx_word' id='word_1_205' title='bbox 414 3188 459 3249; x_wconf 91' lang='lat' dir='ltr'>i.</span> <span class='ocrx_word' id='word_1_206' title='bbox 489 3207 546 3249; x_wconf 87' lang='lat' dir='ltr'>e.</span> <span class='ocrx_word' id='word_1_207' title='bbox 580 3188 850 3267; x_wconf 81' lang='lat' dir='ltr'>Glycera</span> <span class='ocrx_word' id='word_1_208' title='bbox 893 3190 1080 3273; x_wconf 87' lang='lat' dir='ltr'>longe</span> <span class='ocrx_word' id='word_1_209' title='bbox 1122 3191 1332 3253; x_wconf 91' lang='lat' dir='ltr'>verius</span> <span class='ocrx_word' id='word_1_210' title='bbox 1375 3191 1645 3253; x_wconf 76' lang='lat' dir='ltr'>immitis</span> <span class='ocrx_word' id='word_1_211' title='bbox 1690 3192 1814 3254; x_wconf 75' lang='lat' dir='ltr'>(lici</span> <span class='ocrx_word' id='word_1_212' title='bbox 1856 3199 2000 3275; x_wconf 87' lang='lat' dir='ltr'>pot-</span> 
     </span>
     <span class='ocr_line' id='line_1_32' title="bbox 88 3286 2001 3371; baseline 0.004 -24"><span class='ocrx_word' id='word_1_213' title='bbox 88 3291 227 3347; x_wconf 88' lang='lat' dir='ltr'>erat</span> <span class='ocrx_word' id='word_1_214' title='bbox 271 3306 464 3366; x_wconf 88' lang='lat' dir='ltr'>quam</span> <span class='ocrx_word' id='word_1_215' title='bbox 496 3286 703 3350; x_wconf 83' lang='lat' dir='ltr'>Delia.</span> <span class='ocrx_word' id='word_1_216' title='bbox 790 3287 908 3352; x_wconf 88' lang='lat' dir='ltr'>Illa</span> <span class='ocrx_word' id='word_1_217' title='bbox 950 3290 1122 3352; x_wconf 81' lang='lat' dir='ltr'>enim</span> <span class='ocrx_word' id='word_1_218' title='bbox 1165 3311 1355 3355; x_wconf 85' lang='lat' dir='ltr'>avara</span> <span class='ocrx_word' id='word_1_219' title='bbox 1395 3290 1550 3371; x_wconf 89' lang='lat' dir='ltr'>fuit,</span> <span class='ocrx_word' id='word_1_220' title='bbox 1596 3299 1666 3354; x_wconf 91' lang='lat' dir='ltr'>ut</span> <span class='ocrx_word' id='word_1_221' title='bbox 1704 3292 2001 3355; x_wconf 77' lang='lat' dir='ltr'>Tibullus</span> 
     </span>
    </p>
   </div>
   <div class='ocr_carea' id='block_1_3' title="bbox 110 3434 459 3446">
    <p class='ocr_par' dir='ltr' id='par_1_4' title="bbox 110 3434 459 3446">
     <span class='ocr_line' id='line_1_33' title="bbox 110 3434 459 3446; baseline 0 486"><span class='ocrx_word' id='word_1_222' title='bbox 110 3434 459 3446; x_wconf 95' lang='lat' dir='ltr'> </span> 
     </span>
    </p>
   </div>
   <div class='ocr_carea' id='block_1_4' title="bbox 87 3514 2001 3658">
    <p class='ocr_par' dir='ltr' id='par_1_5' title="bbox 87 3514 2001 3674">
     <span class='ocr_line' id='line_1_34' title="bbox 233 3514 2001 3584; baseline 0.005 -18"><span class='ocrx_word' id='word_1_223' title='bbox 233 3517 321 3578; x_wconf 83' lang='grc'>26)</span> <span class='ocrx_word' id='word_1_224' title='bbox 371 3514 453 3566; x_wconf 74' lang='lat' dir='ltr'>De</span> <span class='ocrx_word' id='word_1_225' title='bbox 494 3516 588 3566; x_wconf 67' lang='lat' dir='ltr'>ino</span> <span class='ocrx_word' id='word_1_226' title='bbox 622 3524 870 3579; x_wconf 72' lang='lat' dir='ltr'>poetarum</span> <span class='ocrx_word' id='word_1_227' title='bbox 906 3534 1044 3570; x_wconf 75' lang='lat' dir='ltr'>more</span> <span class='ocrx_word' id='word_1_228' title='bbox 1076 3520 1314 3583; x_wconf 66' lang='lat' dir='ltr'>copim-iun</span> <span class='ocrx_word' id='word_1_229' title='bbox 1349 3537 1376 3570; x_wconf 81' lang='lat' dir='ltr'>a</span> <span class='ocrx_word' id='word_1_230' title='bbox 1412 3538 1493 3571; x_wconf 79' lang='lat' dir='ltr'>me</span> <span class='ocrx_word' id='word_1_231' title='bbox 1528 3523 1800 3584; x_wconf 72' lang='lat' dir='ltr'>expositum</span> <span class='ocrx_word' id='word_1_232' title='bbox 1834 3529 1917 3575; x_wconf 74' lang='lat' dir='ltr'>est</span> <span class='ocrx_word' id='word_1_233' title='bbox 1948 3523 2001 3574; x_wconf 79' lang='lat' dir='ltr'>in</span> 
     </span>
     <span class='ocr_line' id='line_1_35' title="bbox 87 3583 1793 3658; baseline 0.005 -17"><span class='ocrx_word' id='word_1_234' title='bbox 87 3583 357 3641; x_wconf 74' lang='lat' dir='ltr'>commem.</span> <span class='ocrx_word' id='word_1_235' title='bbox 399 3586 462 3639; x_wconf 73' lang='lat' dir='ltr'>do</span> <span class='ocrx_word' id='word_1_236' title='bbox 494 3586 693 3640; x_wconf 74' lang='lat' dir='ltr'>Ian-bita</span> <span class='ocrx_word' id='word_1_237' title='bbox 734 3588 1023 3655; x_wconf 66' lang='lat' dir='ltr'>Timagenis</span> <span class='ocrx_word' id='word_1_238' title='bbox 1053 3590 1379 3651; x_wconf 62' lang='lat' dir='ltr'>Aen-“lcum</span> <span class='ocrx_word' id='word_1_239' title='bbox 1413 3595 1460 3654; x_wconf 74' lang='lat'>§-</span> <span class='ocrx_word' id='word_1_240' title='bbox 1490 3598 1542 3649; x_wconf 76' lang='lat'>5.</span> <span class='ocrx_word' id='word_1_241' title='bbox 1577 3611 1625 3658; x_wconf 81' lang='lat' dir='ltr'>p.</span> <span class='ocrx_word' id='word_1_242' title='bbox 1661 3597 1793 3650; x_wconf 80' lang='lat'><strong>412..</strong></span> 
     </span>
    </p>
   </div>
  </div>
 </body>
</html>
