2236 3932
615 215 696 262 uz
741 213 968 258 ussto
1013 212 1379 258 uantum.
1834 197 1961 258 207

56 357 356 419 eumdem
381 353 594 418 resero
622 374 712 416 ex
740 351 1109 431 Quintiliani
1133 349 1292 413 Inst.
1325 348 1440 412 Or.
1478 349 1654 412 Libr.
1671 351 1786 413 VI.
1819 374 1876 413 c.
1895 354 1960 415 3.

55 466 108 531 ὁ.
152 459 291 519 90.=
347 456 465 534 „C.
520 453 801 529 Cassius,
870 452 982 533 qui
1033 451 1218 514 militi
1271 450 1410 511 ‘sine
1466 450 1672 533 gladio
1732 452 2000 519 ‹Iecur-2

55 557 252 631 renti,
321 556 509 617 Heu-5
520 596 544 628 ,
613 551 996 628 commilito,
1059 571 1290 634 pugno
1346 550 1502 611 bene
1555 548 1761 610 uteris
1771 594 1794 626 ,
1858 552 1995 631 inf

55 656 258 735 quit.“
355 652 476 729 Qui
517 672 556 713 a
599 650 810 711 cassio
860 658 1115 713 oratore
1166 650 1455 712 historias
1497 669 1755 731 quoque
1802 650 1960 711 scri-

53 762 191 833 ptas
232 772 375 813 esse
418 751 634 812 dIcunt'
671 749 813 810 Viri
853 750 1040 812 Docti
1056 794 1077 827 ,
1119 757 1195 811 ut
1223 750 1646 832 Glandorpius
1685 749 1755 809 in
1786 748 1962 810 Ono-

53 857 236 912 mast.
295 873 361 931 p.
408 851 591 936 2092,
653 848 905 931 Lipsius
963 851 1043 910 ad
1086 851 1381 912 Tacitum
1426 850 1592 910 Ann.
1636 847 1815 909 Lihr.
1844 847 1959 910 IV.

55 970 110 1010 c.
137 951 280 1026 21„
337 949 714 1011 Torrentius
755 951 838 1013 ad
881 948 1168 1011 Suetonii
1212 949 1406 1031 Calig.
1452 971 1509 1011 c.
1546 950 1648 1012 16.
1675 992 1681 1004 «
1706 949 1959 1030 aliique,

53 1068 274 1110 eorum
331 1049 640 1110 sententia
694 1050 881 1111 1u1ice
937 1050 1161 1110 nititur
1210 1049 1355 1110 loco
1398 1047 1692 1110 Suetonii
1733 1049 1803 1109 in
1843 1047 1962 1109 Vi-

54 1149 183 1208 tell.
228 1169 283 1209 c.
313 1151 375 1210 2.
394 1192 415 1225 ,
487 1149 569 1209 (16
626 1170 756 1229 quo
797 1146 928 1232 jam
971 1168 1162 1230 supra
1218 1157 1270 1222 §.
1303 1148 1367 1208 3.
1412 1148 1800 1228 disputatum
1841 1154 1961 1210 est.

51 1246 294 1308 Verum
349 1247 525 1309 enim
571 1268 729 1310 vero
788 1248 929 1329 quis
982 1268 1114 1309 non
1166 1247 1394 1323 videt,
1445 1248 1722 1308 multum
1775 1268 1963 1328 prae-

53 1352 219 1408 stare
234 1390 254 1423 ,
313 1347 367 1408 si
410 1348 493 1408 de
535 1348 825 1408 oratione
867 1347 1005 1409 sive
1045 1345 1291 1407 famoso
1331 1346 1553 1408 libello
1598 1345 1794 1407 Cassii
1838 1346 1961 1408 Se·

51 1446 188 1506 veri
231 1447 575 1529 cogitamus
588 1490 609 1523 ,
654 1467 848 1527 quam
891 1447 971 1506 (16
1006 1445 1263 1506 historia
1278 1440 1311 1506 ἓ
1355 1443 1776 1506 verisimilius
1806 1467 1961 1527 pro-

53 1543 217 1606 fecto
261 1550 360 1605 est
372 1589 393 1622 ,
450 1546 654 1628 gentis
696 1545 988 1606 Vitelliae
1031 1550 1351 1605 auctorem
1393 1545 1779 1625 appellatum
1822 1566 1959 1608 esse

51 1659 89 1703 a
133 1643 346 1704 Cassio
388 1655 672 1704 sutorem
718 1642 1336 1705 veteranmttarium
1389 1643 1459 1703 in
1501 1644 1751 1706 satirico
1797 1667 1960 1727 quo-

52 1743 200 1802 dam
242 1763 449 1822 quam·
492 1743 562 1803 in
602 1743 902 1806 historico
961 1742 1189 1825 opere!
1263 1741 1513 1805 Cel-tius
1555 1744 1636 1805 (16
1677 1744 1960 1806 historiis

51 1839 190 1924 ejus
232 1843 665 1904 testimonium
706 1844 825 1905 sibi
866 1844 1184 1926 reperisse
1224 1843 1565 1906 videbatur
1603 1843 1957 1906 Kordesius

50 1942 219 2022 apud
260 1940 575 2004 Joannem
602 1943 1131 2005 Sarisberiensem
1171 1944 1240 2004 in
1266 1943 1563 2005 Policrat.
1593 1941 1958 2006 Libnvffl.

52 2059 107 2099 c.
142 2043 241 2102 18.
285 2063 349 2122 p.
382 2043 560 2103 640.:
604 2045 792 2104 Haec
833 2042 1088 2126 quidem
1119 2053 1401 2126 possunt
1442 2053 1505 2104 et
1546 2044 1730 2126 apud
1755 2042 1960 2106 histo-

49 2137 222 2200 ricos
262 2139 551 2202 inveniri
587 2141 908 2227 diffusius
920 2186 944 2218 ,
1004 2142 1122 2226 qui
1163 2152 1598 2225 tyrannoram
1638 2142 1959 2204 atrocita-

51 2248 144 2299 tes
195 2249 258 2301 et
311 2240 530 2302 exim
583 2242 856 2304 miseros
907 2241 1166 2326 plenius
1231 2242 1539 2305 scribunt.
1658 2243 1844 2323 Quae
1896 2242 1964 2306 εἰ

50 2337 193 2420 quis
246 2338 621 2418 diligent-ius
675 2342 999 2404 recenseri
1051 2342 1367 2418 voluerit,
1447 2344 1620 2422 legat
1668 2364 1749 2404 ea
1790 2365 1960 2427 quae

60 2440 315 2516 Trogus
339 2443 715 2524 Pompeius,
756 2443 1108 2525 Iosephus,
1152 2441 1539 2524 Egese?ppu.5,
1582 2442 1957 2519 &tanniu-5,

58 2537 133 2615 O.
183 2538 477 2614 Curtius,
538 2542 729 2604 corn.
781 2541 1087 2619 Tacitus,
1142 2545 1220 2604 T.
1263 2541 1497 2603 Livius
1508 2585 1532 2618 ,
1576 2545 1851 2606 Serenus
1893 2554 1956 2605 et

58 2638 485 2721 Tranquillus
543 2651 606 2702 et
665 2640 789 2702 ali-1·
839 2640 1138 2702 historici
1190 2676 1279 2687 —
1336 2643 1956 2725 comprehenderunt

48 2736 415 2805 habeon-iis&
500 2741 638 2817 Quo
679 2741 748 2800 in
790 2742 931 2802 loco
971 2741 1323 2803 Kordesius
1366 2748 1550 2804 acute
1576 2744 1952 2826 suspicatur,

49 2838 167 2899 sub
220 2839 447 2901 Sereni
506 2840 766 2902 nomine
823 2841 1024 2902 latere
1079 2843 1382 2903 Severum
1437 2841 1504 2903 h.
1546 2862 1605 2905 e.
1669 2844 1955 2907 Cassium

0 2941 2 2983 ἰ
38 2935 376 2999 Severum.
487 2940 575 3001 At
632 2941 936 3021 scriptor,
1005 2941 1115 3022 qui
1166 2941 1545 3004 Suetonium
1600 2950 1668 3005 et
1733 2947 1954 3008 Tran-

0 3076 5 3090 ι
46 3035 321 3118 quillum
375 3040 503 3102 duo
558 3039 706 3102 facit
764 3048 831 3102 et
897 3041 1066 3102 inter
1117 3062 1187 3104 se
1255 3032 1538 3104 diversos
1595 3043 1951 3124 historicon,

0 3135 9 3205 λ
44 3134 398 3200 levissimae
441 3159 626 3218 sane,
670 3161 754 3202 ne
797 3140 1004 3201 dicam
1045 3141 1280 3203 nullius
1322 3148 1420 3205 est
1461 3142 1610 3206 fidei
1633 3150 1696 3206 et
1727 3151 1948 3207 auoto-

0 3223 12 3328 ⁵?
43 3235 259 3296 ritatis.
345 3236 426 3300 Et
478 3245 553 3300 ut
595 3241 970 3318 concedam,
1035 3240 1318 3304 Cassium
1361 3249 1679 3306 oratorem
1721 3264 1947 3309 revera

6 3327 7 3330 '
40 3331 145 3395 hic
185 3335 660 3420 intelligendum
702 3359 871 3416 esse,
914 3360 1125 3403 nonne
1165 3342 1222 3403 is
1264 3344 1500 3405 rectius
1527 3350 1946 3423 tyrannorum

11 3435 391 3497 atrocitates
431 3438 820 3520 miserosque
863 3440 1074 3502 exitus
1115 3441 1184 3502 in
1226 3443 1484 3505 satiricis
1526 3444 1755 3504 libellis
1798 3444 1944 3504 teti·-

12 3555 18 3598 ε
38 3533 198 3615 gisse
239 3538 551 3616 putandus
595 3534 762 3599 erit?
819 3538 1016 3623 Igitur
1058 3542 1138 3603 (16
1182 3541 1493 3606 cassianis
1537 3542 1944 3607 historiarum

38 3629 216 3696 libris
257 3636 414 3697 nihil
457 3637 612 3699 certi
651 3640 1046 3720 pronuntiari
1085 3648 1314 3725 potest.
