2236 3932
698 218 779 259 nn
825 218 1052 260 cAssm
1086 215 1451 260 rAnMENsn
1928 195 2049 255 183

142 355 416 442 suspicio
458 354 539 418 G.
568 353 628 417 J.
651 353 865 416 vossii
906 352 987 416 de
1028 350 1320 414 Historic.
1363 348 1506 412 Lat.
1551 348 1730 411 Libr.
1754 349 1807 410 Ι.
1852 372 1905 412 c.
1940 353 2044 412 21.

138 454 467 517 statuentis
483 498 504 533 ,
564 453 934 516 Tertulliani
987 452 1161 514 locos
1218 450 1590 535 glossemate
1642 448 2044 510 librariorum

138 554 541 635 interpolatos
597 560 678 614 et=
714 572 952 613 nomen
996 550 1218 612 Severi
1258 551 1568 612 intrusum
1609 570 1749 612 esse
1792 549 2046 610 Tertul-

137 655 378 714 lianeae
432 651 790 732 scriptionis
850 651 1215 728 contextui,
1284 672 1410 734 quo
1467 650 1623 711 nihil
1684 655 1779 710 est
1823 670 2044 710 corru-

134 753 305 834 ptius
332 772 406 813 ac
431 750 818 812 mendosiuS.
900 751 1062 813 Cum
1088 751 1320 813 Vossio
1345 750 1586 813 faciunt
1611 749 1711 813 Jo.
1740 748 2045 810 Mollerus

133 853 199 911 in
254 852 743 930 Homonymosc.
803 873 868 932 p.
911 850 1059 912 407.
1120 857 1187 913 et
1240 851 1712 932 Havercampus
1755 851 1837 910 ad
1880 849 2044 910 Ter-

136 950 378 1011 tulliani
418 950 688 1032 Apolo'g.
732 950 776 1010 l.
810 969 864 1011 c.
907 972 971 1031 p.
1003 951 1108 1011 47.
1195 950 1396 1012 Porro
1441 970 1586 1011 cum
1621 949 2046 1011 Tertullianus

134 1050 375 1131 primus
418 1050 501 1109 sit
543 1050 803 1110 Patrum
845 1049 1431 1112 Ecclesiasticorum
1473 1048 1853 1111 Latinorum
1868 1092 1888 1127 ,
1934 1048 2044 1129 qui

134 1150 215 1210 de
259 1149 519 1210 Saturni
561 1148 772 1209 fabula
829 1170 1151 1231 exponens
1193 1148 1549 1211 testimonio
1595 1147 1791 1210 Cassii
1833 1145 2046 1231 cujus-

134 1249 283 1309 dam
336 1255 550 1308 utatur
566 1291 587 1326 ,
656 1247 968 1310 Minucius
1025 1254 1236 1309 autem
1291 1254 1356 1309 et
1397 1246 1762 1309 Lactantius
1803 1248 1926 1309 toti
1967 1247 2046 1308 ab

131 1348 239 1409 illo
297 1348 647 1430 pendeant3
705 1367 1014 1429 perquam
1069 1347 1210 1411 veri
1263 1346 1469 1408 simile
1515 1353 1608 1408 est
1622 1392 1643 1425 ,
1706 1347 2046 1408 Tertullia-

133 1468 319 1524 num,
386 1448 499 1529 qui
555 1452 721 1508 esset
773 1446 842 1506 in
897 1447 1307 1528 scriptoribus
1366 1444 1648 1526 profanis
1706 1446 2047 1507 admodum

133 1553 450 1624 versatus,
497 1566 606 1607 sua
646 1546 862 1606 omnia
904 1565 993 1607 ex
1031 1545 1185 1627 ipsis
1215 1545 1497 1606 hausisse
1526 1544 1811 1606 fontibus
1830 1590 1849 1622 ,
1893 1545 1959 1605 h.
1989 1565 2045 1606 e.

133 1666 221 1707 ex
279 1646 579 1727 operibus
653 1643 954 1721 Diodori,
1027 1644 1273 1721 Thalli,
1366 1642 1563 1705 Cassii
1631 1651 1698 1706 et
1765 1638 2047 1725 Nepotis,

132 1765 412 1826 eumque
452 1744 523 1804 in
565 1743 992 1824 producendis
1035 1744 1296 1805 testibus
1340 1749 1613 1805 aetatem
1628 1790 1648 1822 ,
1706 1765 1834 1826 qua
1877 1743 2048 1826 quis-

133 1865 258 1926 que
302 1864 526 1906 eorum
580 1843 881 1920 vixisset,
942 1849 1273 1926 spectasse.
1374 1844 1558 1905 Hunc
1617 1845 1832 1906 aetatis
1877 1843 2048 1905 ordi-

131 1965 283 2006 nem
321 1944 582 2026 impune
626 1942 943 2026 negligere
985 1949 1278 2025 poterant
1305 1944 1620 2005 Minucius
1667 1951 1732 2007 et
1771 1943 2047 2005 Lactan-

132 2044 287 2120 tius,
356 2065 489 2105 non
552 2043 710 2104 item
784 2043 1237 2106 Tertullianus,
1351 2044 1472 2120 Qui
1545 2065 1692 2106 cum
1765 2043 2047 2106 Cassium

132 2145 356 2206 ordine
398 2164 470 2205 ac
517 2144 660 2204 loco
705 2144 1144 2224 praeposuerit
1184 2142 1447 2226 Nepoti,
1507 2144 1633 2205 erit
1676 2145 1851 2226 quod
1895 2164 2048 2224 con-

130 2242 453 2326 ficiamuS,
496 2243 679 2303 illum
722 2248 924 2304 aetate
968 2244 1162 2305 etiam
1191 2244 1341 2305 huic
1373 2245 1805 2306 antecessisse.
1874 2245 2047 2321 Quae

135 2365 280 2404 cum
337 2343 423 2403 ita
481 2343 635 2420 sint,
708 2361 863 2405 vera
915 2343 1153 2406 vidisse
1197 2344 1472 2405 arbitror
1515 2343 1594 2406 G.
1635 2343 1695 2406 J.
1731 2343 2046 2419 Vossium,

133 2442 241 2523 qui
298 2441 764 2504 Tertullianum
823 2442 1023 2503 Cassii
1080 2443 1390 2505 Heminae
1446 2443 1811 2505 testimonio
1860 2463 2049 2504 usum

133 2561 275 2603 esse
317 2542 663 2602 contendit.
748 2541 830 2602 Et
869 2541 1155 2623 profecto
1200 2563 1277 2604 ea
1318 2544 1388 2604 in
1429 2563 1503 2605 re
1545 2544 1667 2605 iste
1709 2542 2048 2605 Annalium

134 2642 436 2722 scriptor,
494 2662 686 2722 quem
743 2642 1015 2704 vidimus
1077 2644 1298 2724 putida
1344 2664 1490 2704 cum
1537 2642 1861 2726 diligentia
1902 2662 2049 2704 ver-

133 2748 337 2801 satum
395 2761 534 2803 esse
592 2742 661 2801 in
718 2740 952 2802 fabulis
1011 2742 1375 2820 narrandis,
1450 2742 1635 2806 valde
1677 2742 1941 2804 idoneus
1985 2747 2051 2802 et

133 2841 411 2922 locuples
455 2860 594 2903 esse
623 2846 875 2922 poterat
908 2848 1149 2905 auctor.
1237 2842 1459 2925 Itaque
1501 2849 1676 2906 recte
1701 2841 1839 2903 Viri
1864 2841 2047 2903 Docti

131 2949 385 3003 nostrae
405 2941 618 3003 aetatis
648 2940 804 3003 haec
816 2942 1074 3003 Patrum
1089 2941 1664 3005 Ecclesiasticorum
1693 2942 2048 3004 testimonia

136 3042 216 3103 de
273 3041 486 3103 Cassio
546 3041 817 3102 Hemina
879 3046 1258 3123 acceperunt
1321 3042 1541 3123 eisque
1597 3043 1667 3103 in
1709 3042 2048 3102 Annalium

134 3137 272 3222 ejus
313 3142 595 3222 reliquiis
638 3141 849 3201 locum
894 3142 1281 3220 dederunt⁴).
1370 3140 1453 3202 Et
1487 3164 1686 3223 quum
1711 3142 1859 3202 huic
1901 3161 2048 3202 sen-

136 3240 369 3302 tentiae
396 3241 678 3323 inprimis
708 3241 963 3303 obstare
982 3241 1133 3303 dicit
1149 3238 1437 3326 Maffejus
1456 3240 1771 3303 historiae
1790 3262 2044 3317 nomen,

279 3442 337 3505 4)
376 3441 511 3492 Vide
548 3440 764 3491 Sallustii
819 3441 1070 3491 editionem
1105 3440 1377 3492 Frotsclneri
1428 3440 1547 3491 Vol.
1571 3439 1610 3491 1.
1652 3461 1699 3505 p.
1727 3446 1846 3494 453.
1888 3430 2047 3506 ibique

140 3510 329 3576 lntpp.‚
381 3515 551 3575 quibus
606 3514 853 3577 suflragari
906 3513 1134 3562 dubitavit
1179 3513 1421 3563 Krausius
1461 3516 1495 3563 Ι.
1525 3533 1564 3562 c.
1606 3533 1654 3576 p.
1690 3521 1806 3564 166.
1849 3514 1957 3564 Not.
1995 3525 2044 3565 3.

136 3586 198 3633 ob
243 3586 481 3645 adjectum
515 3585 686 3634 Severi
721 3602 1007 3647 cog-nomen:
1040 3585 1169 3648 quod
1206 3604 1345 3650 quam
1373 3596 1619 3649 suspectae
1656 3587 1716 3635 sit
1753 3586 1895 3649 fidei,
1933 3590 2047 3635 satis

139 3656 493 3706 demonstrasse
527 3655 644 3706 mihi
683 3657 864 3706 videor.
