2236 3932
264 151 389 214 110
858 177 943 218 nr„
986 177 1048 217 1..
1077 177 1288 219 VAmo
1335 173 1574 222 rom-A.

242 311 572 396 fingitque
592 311 896 373 rotando.
981 310 1286 383 Temere!
1319 307 1514 393 -Rem,
1557 315 1638 377 de
1667 331 1796 397 ‹Iua
1814 316 1924 380 hio·
1946 339 2158 383 sermo

260 416 387 488 est,
443 411 866 488 illustrarunt,
939 415 1191 491 praeter
1231 410 1471 495 Virgilii
1526 413 1905 498 Interpretes
1917 448 1938 497 9
1994 418 2159 480 Bur-

258 530 530 572 mannus
587 515 655 571 et
709 506 1222 570 Wunderlichius
1257 509 1304 571 l.
1347 531 1402 574 c.
1415 554 1437 590 ‚
1492 513 1725 594 quibus
1779 516 1969 577 addas
2010 517 2160 579 licet

259 629 426 691 quae
481 606 750 669 disserui
801 606 871 665 in
922 605 1148 667 Beckii
1199 607 1373 670 Actis
1429 609 1670 673 Semin.
1712 612 1938 675 Philol.
1980 614 2159 698 Lips.

259 708 401 771 Vol.
448 707 536 769 H.
593 707 666 766 P.
705 704 790 765 Π.
844 725 909 786 p.
950 706 1098 766 349.
1137 727 1234 788 sq.
1329 707 1410 769 In
1449 709 1569 773 hac
1610 711 1797 793 equi,
1841 733 2037 795 quem
2079 716 2160 776 ad

257 827 509 892 gressus
575 803 847 866 instituit
898 804 1228 887 magister,
1299 808 1718 892 descriptione
1785 811 2160 874 Torrentius
2217 872 2219 874 ,

257 907 429 967 haud
469 901 734 988 injuria,
778 908 848 963 ut
888 904 1184 984 equidem
1226 906 1486 988 opinor,
1527 911 1672 992 plus
1713 910 1913 972 laudis
1941 912 2163 973 tribuit

257 1004 453 1066 Vario
497 1024 691 1086 quam
731 1001 1024 1086 Virgilio.
1079 1003 1250 1065 illius
1307 1006 1482 1068 enim
1537 1008 1712 1072 locus
1751 1011 1961 1074 nativa
2002 1032 2163 1092 qua-

259 1103 407 1165 dam
448 1102 850 1186 simplicitate
893 1123 963 1164 se
1003 1105 1437 1182 commendat,
1479 1104 1670 1190 hujus
1685 1151 1707 1186 ,
1749 1115 1973 1192 utpote
2014 1110 2164 1171 imi..

257 1202 481 1264 tatoris
496 1247 518 1282 ‚
595 1202 879 1264 doctrina
935 1207 1002 1263 et
1059 1209 1194 1264 arte
1252 1205 1628 1287 conspicuus
1683 1214 1798 1269 est.
1911 1209 2164 1271 Variani

256 1303 381 1365 loci
433 1322 703 1366 veneres
743 1302 1007 1364 minime
1047 1303 1329 1365 reddidit
1368 1302 1408 1367 J
1410 1346 1428 1365 .
1467 1304 1549 1367 11.
1592 1302 1847 1369 Vossius
1890 1309 1972 1370 ad
2012 1307 2165 1369 Vir·

258 1402 392 1487 gilii
435 1401 666 1486 Georg.
708 1403 754 1463 1.
784 1423 839 1464 c.
882 1424 948 1484 p.
977 1399 1158 1464 573.=

342 1504 540 1564 Denn
579 1501 759 1563 nicht
799 1502 961 1563 liisst
999 1501 1119 1563 ihn
1148 1503 1371 1582 jener,
1430 1505 1545 1566 der
1590 1507 1788 1590 straf
1813 1529 1930 1568 am
1968 1502 2171 1586 Ziigel

1298 1601 1418 1664 ihn
1458 1604 1700 1689 lenket,

351 1702 537 1764 Gelan
547 1745 572 1778 ,
614 1699 734 1762 wie
765 1722 837 1762 er
859 1700 1028 1776 will3
1071 1701 1247 1778 nein,
1290 1713 1423 1764 erst
1445 1703 1542 1765 im
1561 1714 1929 1785 geengetem
1941 1702 2168 1766 Kreise

1295 1802 1711 1879 beziihmend,

345 1898 554 1963 Lehrt
596 1921 668 1961 er
711 1897 936 1960 einher
977 1898 1111 1962 ihn⁴
1135 1901 1367 1962 traben
1406 1901 1503 1963 im
1543 1904 1610 1963 F
1606 1905 1750 1979 eld’,
1793 1905 1937 1966 und
1975 1902 2169 1965 bildet

1303 2001 1511 2062 durch
1552 2003 1882 2065 Sc‘iumnis.

428 2099 538 2163 IV.
593 2099 953 2162 Macrobius
986 2098 1244 2165 Saturn·
1285 2099 1464 2165 Libr.
1491 2101 1607 2164 Vl.
1652 2117 1703 2164 c·-
1745 2105 1840 2165 2.=
1897 2102 2168 2182 „Varius

263 2200 345 2262 de
386 2199 629 2262 Mortez

350 2302 482 2364 Ceu
522 2300 705 2362 canis
744 2300 1120 2362 umbrosam
1161 2301 1455 2362 lustrans
1503 2301 1824 2384 Gortyn-ia
1865 2302 2125 2377 vallem,

220 2479 223 2483 Ι
347 2399 424 2460 Si
458 2400 680 2462 celeris
709 2400 933 2484 potuit
973 2421 1201 2460 cervae
1241 2402 1693 2483 comprendere
1733 2403 1969 2476 lustra,
2046 2439 2048 2442 v
2117 2396 2119 2399 ¹
2149 2435 2154 2441 »

348 2499 568 2562 Saevit
606 2500 679 2562 in
721 2500 1080 2574 absentem&
1125 2509 1186 2559 et
1227 2499 1473 2561 circum
1512 2499 1790 2580 vestigia
1833 2502 2114 2576 latrans,

348 2599 423 2663 A
424 2601 649 2661 ethera
681 2623 810 2683 per
850 2598 1139 2660 nitidum
1179 2610 1404 2661 tenues
1445 2611 1733 2661 sectatur
1776 2601 2026 2661 odores.

348 2699 506 2763 Non
548 2721 774 2761 amnes
812 2699 999 2760 illam
1038 2697 1270 2774 medii,
1313 2721 1451 2760 non
1491 2702 1710 2760 ardua
1750 2700 2062 2773 tardant3
2096 2740 2098 2743 v

350 2798 622 2861 Perdita
662 2821 779 2860 nec
819 2822 1008 2861 serae
1049 2798 1345 2860 meminit
1385 2801 1683 2860 decedere
1728 2796 1974 2859 nocti.“
2098 2833 2102 2838 -

261 2899 666 2962 Postremum
707 2919 967 2962 versum
978 2940 999 2978 ,
1042 2905 1118 2959 ut
1158 2900 1516 2960 Macrobius
1547 2899 1844 2976 monuit,
1871 2896 2170 2980 Virgilius

259 3000 584 3084 integrum
625 2999 967 3060 traduxit·
948 3022 1018 3060 111
1058 2998 1274 3084 Eclog.
1305 2998 1480 3060 VIII.
1518 3020 1579 3060 v.
1610 3000 1714 3059 88.

364 3098 550 3164 Talis
572 3118 760 3159 amor
773 3098 1133 3181 Daphnim,
1165 3097 1399 3182 qualis,
1428 3075 2173 3183 quamsessajuvencnm

357 3203 485 3263 Per
523 3199 798 3260 nmora
839 3208 1034 3282 atque
1076 3199 1247 3259 altos
1288 3199 1654 3282 quaerendo
1694 3197 1930 3258 bucula
1956 3197 2131 3256 lucos

357 3301 637 3382 Propter
659 3319 889 3381 *aquae
928 3297 1150 3359 rivum
1189 3297 1395 3359 viride
1417 3295 1785 3381 procumbit
1825 3295 1898 3356 in
1936 3295 2115 3370 ulva,

357 3397 658 3477 Perdita,
700 3419 818 3459 nec
857 3418 1041 3459 serae
1080 3397 1374 3458 meminit
1417 3397 1716 3458 decedere
1756 3393 1955 3455 noct-i-
1987 3418 1992 3424 ·

443 3497 930 3560 Venustissimus
954 3494 1133 3557 Varii
1154 3498 1332 3560 locus
1353 3497 1601 3560 videtur
1631 3486 2003 3576 depravatus
2033 3511 2171 3553 esse

274 3598 516 3680 aliquot
544 3598 829 3678 macuIiS‚
873 3615 1031 3679 quas
1059 3595 1274 3658 eluere
1304 3584 1739 3658 1411111111111111111.1
1785 3590 1894 3682 Sic
1909 3582 2169 3654 >vei-352.
