2236 3932
197 171 322 231 196
761 189 842 228 nn
889 188 1112 228 cass1o
1154 187 1519 228 PARMENSI.

199 325 524 390 dicacitate
566 344 680 385 sua
721 330 786 385 et
828 321 1263 384 maledicentia
1305 321 1443 383 fieri
1483 343 1617 382 non
1657 327 1902 403 poterat
1941 322 2095 402 quin

198 426 550 488 incurreret
591 425 658 484 in
699 407 1041 482 multorum
1085 420 1229 480 odia
1261 427 1326 481 et
1358 421 1896 482 nobilissimorum
1923 421 2096 483 viro-

196 546 341 587 rum
382 522 735 585 inimicitias
776 520 1121 600 susciperet
1135 562 1155 595 ,
1197 520 1318 600 ipsi
1349 521 1548 580 serius
1581 520 1753 580 ocius
1782 521 2098 580 exitiosas·

199 625 475 685 Rixosus
518 642 664 682 cum
706 625 871 680 esset
913 638 985 679 ac
1028 618 1371 700 litigiosus,
1435 620 1654 679 multis
1712 619 1884 679 diem
1938 618 2100 679 dixit

198 744 374 786 mera
431 721 733 781 adductus
787 717 1051 778 libidine
1109 718 1474 795 accusandi,
1548 719 1634 779 ita
1686 725 1758 778 ut
1810 718 2100 799 plerique

201 825 281 884 ab
324 819 634 904 judicibus
677 816 1178 878 absolverentur.
1281 818 1418 894 Qua
1470 818 1550 878 de
1595 838 1812 878 caussa
1853 817 2101 877 Macro-

202 923 343 984 bius
403 916 657 978 Saturn.
716 915 894 977 Libr.
935 915 1021 976 Π.
1066 936 1120 977 0.
1154 916 1215 976 4.
1259 937 1322 997 p.
1355 913 1501 977 358.
1530 916 1610 977 Ζ.
1653 922 1897 993 1101101,
1967 915 2103 975 Au-

203 1026 453 1105 gustum
509 1016 847 1097 aliquando
904 1015 985 1075 de
1039 1014 1378 1076 architecto
1436 1014 1563 1075 fori
1619 1015 1715 1075 sui
1774 1021 2103 1096 exspecta-

201 1120 446 1180 tionem
494 1115 704 1197 operis
748 1114 857 1173 ‹liu
897 1100 1186 1183 trahente
1227 1114 1314 1174 ita
1355 1110 1635 1197 jocatum
1678 1134 1848 1175 esse.
1894 1158 1916 1188 ,
1921 1158 1941 1188 ,
1954 1114 2023 1177 V
2016 1114 2105 1172 el-

204 1217 330 1277 lem
394 1212 664 1289 Cassius
732 1222 792 1272 et
856 1234 1073 1272 meeum
1126 1213 1371 1294 forum
1445 1222 1831 1273 accusasset.
1837 1218 1885 1249 ‘⁶
1995 1213 2107 1272 At-

205 1335 332 1397 que
387 1314 540 1375 inde
594 1314 805 1374 lucem
865 1311 1180 1393 accipiunt
1235 1312 1430 1375 verba
1485 1312 1572 1371 M.
1617 1311 1864 1371 Annaei
1905 1308 2106 1371 Sene-

207 1434 318 1476 cae
357 1413 659 1496 Excerpt.
703 1411 1006 1473 Controv.
1050 1410 1230 1472 Libr.
1261 1411 1377 1471 111.
1422 1433 1487 1492 p.
1518 1411 1666 1471 396.
1697 1411 1869 1491 Bip.:
1925 1409 2109 1483 „Nec

206 1524 431 1576 tamen
471 1512 639 1589 scio,
685 1533 872 1593 quem
912 1533 1099 1571 ream
1138 1510 1242 1572 illi
1282 1511 1375 1590 (n.
1423 1511 1637 1571 Cassio
1681 1508 1953 1592 Severo)
1999 1510 2109 1569 de-

189 1614 479 1696 fendere
495 1655 516 1689 ,
559 1610 710 1671 'nisi
763 1631 831 1671 se
887 1609 1297 1688 contigeritf‘
1397 1609 1553 1670 Erat
1595 1610 1798 1688 enim,
1857 1615 1924 1668 ut
1965 1627 2109 1691 gra-

208 1712 502 1775 vissimus
546 1716 799 1786 auctor,
847 1708 1104 1770 Tacitus
1147 1708 1375 1769 Annal.
1419 1707 1599 1769 Libr.
1626 1707 1738 1768 IV.
1784 1728 1839 1769 c.
1867 1710 1966 1769 21.
1998 1709 2108 1782 ait,

207 1812 402 1872 homo
445 1815 516 1870 ut
552 1809 838 1870 sordidae
872 1808 1166 1892 originiS,
1212 1809 1301 1870 sic
1325 1807 1645 1869 maleficae
1672 1808 1839 1870 vitae
1855 1851 1874 1884 ,
1920 1827 2111 1888 quam

210 1931 343 1972 non
383 1910 616 1971 mirum
657 1913 756 1970 est
796 1908 1010 1969 multis
1053 1908 1393 1969 multorum
1423 1907 1956 1969 criminationibus
1999 1928 2111 1990 pa-

214 2108 432 2175 Vulgata
478 2117 578 2159 0013
626 2111 770 2176 quasi
811 2108 1021 2172 lapsam.
1111 2105 1338 2158 Schottus
1385 2109 1436 2157 in
1469 2108 1578 2158 libr.
1629 2117 1726 2158 vet.
1763 2109 1943 2170 reperit
1973 2111 2114 2174 quasi

217 2183 447 2245 alapam:
505 2199 647 2244 quam
693 2198 857 2230 vocem
904 2183 988 2230 alii
1042 2181 1180 2230 aliter
1224 2189 1476 2230 tentarunt.
1550 2179 1835 2243 Schultingii
1884 2182 2112 2228 correctio

219 2256 382 2316 utique
431 2254 659 2314 facilitate
705 2253 1088 2312 commendatur,
1142 2254 1184 2300 si
1220 2252 1409 2314 quidem
1446 2253 1694 2311 librarius,
1748 2251 1974 2301 vocabulo
2009 2270 2112 2299 ma-

211 2325 358 2389 palia
391 2343 478 2387 per
512 2327 749 2374 inversum
784 2325 998 2373 ordinem
1044 2325 1197 2381 lecto,
1242 2326 1447 2385 *proclivi
1496 2325 1739 2372 oculorum
1786 2340 1945 2372 errore
1980 2325 2030 2371 in
2063 2340 2109 2372 v.

220 2397 425 2460 alapam
473 2396 682 2445 incidere
730 2405 930 2458 poterat.
1027 2394 1356 2458 Schultingius
1409 2397 1750 2444 emendationis
1798 2411 1911 2443 auae
1963 2396 2114 2457 gratia

218 2472 425 2531 primum
460 2486 575 2518 usus
611 2477 684 2517 est
718 2469 827 2518 loco
861 2467 1027 2516 Festi:
1074 2467 1360 2529 „Mapalae'a
1404 2485 1548 2517 casae
1582 2467 1823 2516 Poenicae
1857 2467 2114 2528 appellan-

219 2553 335 2602 mr,
395 2543 450 2588 ia
495 2538 666 2606 quibus
715 2542 834 2605 quia
877 2537 1004 2587 nihil
1037 2551 1105 2587 est
1152 2542 1323 2588 secreti
1339 2578 1365 2602 a.
1405 2539 1524 2588 solet
1559 2537 1617 2587 id
1649 2537 1931 2587 vocabulum
1964 2538 2115 2586 solute

219 2609 482 2661 viventibus
514 2610 728 2678 objici:“
779 2629 826 2659 v.
860 2610 1174 2659 Lindemanni
1213 2609 1400 2672 Corpus
1443 2609 1532 2660 Gr.
1566 2610 1677 2660 Lat.
1715 2609 1850 2658 Tom.
1872 2608 1938 2657 Π.
1980 2608 2034 2656 Ρ.
2064 2615 2113 2660 1.

222 2701 267 2746 p.
293 2689 412 2733 101.
484 2682 672 2731 Deinde
698 2681 758 2730 L.
779 2680 1009 2731 Annaeus
1038 2681 1220 2730 Seneca
1254 2685 1301 2730 in
1327 2682 1453 2730 Lud.
1493 2682 1554 2730 de
1589 2680 1751 2730 Morte
1779 2679 1964 2729 Claudii
1994 2678 2116 2728 Gae-

223 2755 344 2804 80118
380 2771 422 2803 c.
452 2748 531 2803 ΘΑ
578 2753 757 2816 „Ego,
806 2756 986 2816 inquit,
1038 2753 1099 2803 P.
1142 2754 1197 2802 C.
1250 2757 1556 2815 interrogare
1602 2752 1733 2803 vobis
1773 2755 2112 2814 per-miseram,

223 2843 304 2875 vos
348 2843 485 2874 mera
531 2825 753 2886 mapalia
776 2827 1042 2892 fecistis.“
1132 2824 1199 2873 At
1246 2826 1370 2886 apud
1408 2824 1639 2874 Senecam
1680 2824 1899 2886 mapalia
1934 2823 2115 2885 signifi-

224 2905 331 2946 cant
364 2913 448 2946 rus
483 2898 639 2945 curiae
675 2899 974 2958 oppositum:
1010 2914 1053 2945 v.
1088 2895 1333 2958 Ruhkopf.
1370 2897 1430 2944 ad
1464 2896 1513 2945 h.
1537 2897 1572 2945 l.
1612 2895 1751 2944 Tom.
1781 2893 1876 2943 lV.
1916 2913 1963 2957 p.
1991 2900 2113 2945 395.

225 2967 394 3031 Neque
428 2970 479 3016 in
515 2967 714 3016 Fabium
748 2966 1049 3028 Maximum,
1105 2971 1185 3030 qui
1221 2969 1325 3016 foro
1371 2970 1598 3016 comicum
1635 2969 1850 3016 morbum
1896 2968 2118 3016 intulisse

226 3041 429 3105 dicitur,
490 3039 720 3102 quadrant
767 3042 892 3087 ruris
944 3039 1182 3088 inficetiae
1231 3049 1279 3088 et
1329 3039 1510 3088 sordes.
1609 3038 1777 3101 Neque
1826 3040 1967 3086 etiam
2022 3041 2118 3087 vita

142 3169 146 3174 ¹
225 3112 384 3161 soluta
421 3119 468 3160 et
503 3111 710 3171 corrupti
746 3127 900 3159 mores
935 3112 1010 3159 illi
1048 3121 1263 3173 poterant
1299 3112 1575 3172 exprobrari
1612 3127 1638 3159 a
1677 3110 1874 3172 Cassio,
1924 3118 1976 3158 ut
2012 3111 2118 3171 ipse

227 3181 556 3247 Schultingius
606 3182 793 3229 videtur
843 3185 1049 3231 sensisse
1096 3183 1295 3231 mirifice
1341 3182 1419 3231 hic
1468 3185 1623 3230 animo
1677 3193 1726 3231 et
1760 3183 1990 3230 sententia
2024 3180 2119 3229 flu-

227 3264 406 3305 ctuans.
491 3253 795 3319 Quapropter
841 3270 1006 3301 verum
1056 3254 1232 3302 vidisse
1277 3264 1392 3315 puto
1444 3253 1767 3315 Gronovium,
1828 3255 1907 3314 qui
1953 3270 2118 3314 vappa

228 3328 445 3388 conjecit.
532 3323 669 3373 Hanc
714 3341 877 3375 vocem
927 3342 1015 3386 ego
1062 3343 1169 3372 cum
1217 3324 1488 3386 ssipontinis
1525 3328 1710 3387 recepi,
1764 3333 1926 3385 utpote
1958 3326 2027 3371 rei
2065 3339 2119 3370 00

226 3414 456 3457 personae
503 3397 715 3458 apprime
757 3397 1137 3444 convenientem:
1191 3398 1250 3445 cf.
1292 3396 1541 3445 Heindorf.
1593 3398 1653 3444 ad
1689 3396 1875 3444 Horatii
1912 3394 2049 3442 Libr.
2075 3392 2114 3440 1.

229 3463 333 3516 Sat.
363 3475 412 3518 1.
449 3485 497 3517 v.
533 3471 654 3517 104.
739 3464 963 3528 Cassius,
1015 3477 1261 3529 postquam
1307 3468 1455 3516 Fabio
1507 3469 1826 3529 facundiam,
1850 3466 2116 3513 formosita-

227 3548 328 3588 tem
375 3547 423 3589 et
467 3539 654 3588 divitias
707 3555 792 3599 per
832 3537 1145 3586 deridiculum
1191 3549 1512 3601 concesserat,
1574 3557 1684 3588 eum
1729 3528 2117 3606 ἀπροςὸοκήτως

228 3611 367 3674 gravi
404 3618 453 3660 et
482 3612 649 3661 acerbo
683 3610 872 3661 nomine
906 3627 1123 3674 vappae,
1161 3613 1293 3662 eines
1334 3609 1693 3675 Tangenichts,
1725 3609 1942 3672 percutit.
