2236 3932
216 173 259 232 4
806 191 886 231 mv.
931 191 988 230 ι.
1034 188 1242 232 viimo
1287 187 1527 229 POETA.

216 325 550 386 eminuisse
565 370 583 401 ‚
626 326 827 405 iisque
858 325 1186 387 virtutibus
1217 318 1526 400 effecisse,
1569 331 1638 384 ut
1667 343 1908 384 summa
1938 323 2105 404 apud

213 425 523 505 principes
568 424 824 485 civitatis
866 425 1034 486 viros
1076 423 1270 505 gratia
1285 464 1306 498 ,
1349 428 1411 483 et
1449 425 1749 484 constanti
1780 429 2105 504 poetarum

214 524 570 604 aequalium
611 523 1023 582 familiaritate
1067 528 1134 581 et
1176 521 1443 581 amicitia
1493 522 1762 582 floreret.

396 623 534 697 Quo
592 621 779 703 igitur
835 618 1058 703 majori
1112 619 1181 678 in
1234 619 1475 681 honore
1534 626 1596 680 et
1655 619 2107 680 existimatione

211 722 288 781 L.
311 721 566 781 Varium
596 721 761 799 volim
802 718 994 778 fuisse
1035 717 1359 793 novimus3
1405 740 1481 779 eo
1524 720 1719 802 magis
1764 719 2107 778 dolendum

212 825 338 896 est,
397 820 600 899 quod,
660 837 823 897 quae
869 817 948 875 de
994 814 1126 900 ejus
1168 817 1292 878 vita
1334 819 1674 898 studiisque
1733 819 1896 899 apud
1953 816 2107 876 scri-

209 925 417 998 ptores
474 916 816 976 memoriae
871 917 1114 995 prodita
1169 916 1463 998 legimus,
1526 923 1654 976 tam
1696 937 1895 998 pauca
1939 918 2106 990 sunt,

211 1037 410 1097 eaque
454 1014 797 1074 maximam
849 1021 1093 1095 partem
1147 1015 1372 1075 dubiae
1415 1015 1752 1078 admodum
1799 1016 2106 1075 incertae-

210 1135 334 1194 que
376 1113 544 1200 fidei.
631 1113 789 1173 Nam
834 1114 1234 1174 librariorum
1290 1134 1501 1174 errore
1554 1134 1756 1195 paene
1814 1112 2106 1174 sollemni

207 1213 460 1290 accidit,
505 1218 578 1272 ut
621 1233 854 1272 nomen
902 1213 975 1276 V
965 1211 1103 1272 (ινιῗί
1140 1213 1209 1273 in
1240 1211 1437 1272 Codd.
1465 1213 1641 1273 Mstis
1672 1219 1736 1272 et
1763 1212 1950 1271 Editt.
1980 1217 2106 1272 vet.

207 1318 310 1373 aut
350 1312 540 1393 plane
584 1312 1079 1389 oblitteraretur,
1125 1318 1230 1372 aut
1268 1313 1468 1374 levius
1511 1312 1755 1394 gravius
1809 1312 2105 1391 deprava-

205 1417 398 1472 retur.
485 1411 610 1471 Vix
650 1432 813 1470 unus
856 1412 1165 1491 reperitur
1219 1413 1537 1493 scriptoris
1594 1407 1852 1494 alicujus
1905 1410 2106 1484 loc11S,

204 1511 273 1571 in
315 1531 444 1590 quo
487 1509 639 1570 illud
681 1510 997 1592 integrum
1037 1511 1365 1588 manserit,
1412 1517 1598 1591 atque
1639 1510 1706 1569 in
1749 1509 2102 1582 11.‚Vara.s·,

212 1609 283 1672 V
273 1629 471 1670 armas
480 1651 504 1683 ,
570 1610 787 1671 Varro
830 1631 960 1669 non
1000 1608 1191 1668 fuerit
1234 1615 1679 1678 commutatum
1696 1608 1769 1687 ¹).
1839 1607 1929 1668 Si
1972 1626 2106 1686 quo

204 1709 273 1768 in
312 1710 454 1769 loco
500 1714 792 1789 corrupte
831 1714 1150 1767 exaratum
1184 1715 1278 1769 est
1312 1710 1569 1783 Varro,
1614 1709 1991 1790 plerumque
2034 1707 2104 1766 in

205 1814 496 1888 promptu
541 1812 665 1884 est,
732 1807 887 1886 quid
930 1813 1159 1867 statuas
1174 1851 1194 1884 ,
1263 1827 1384 1867 nec
1441 1807 1704 1866 dubium
1748 1814 1875 1884 est,
1947 1806 2104 1888 quin

213 1907 284 1970 V
273 1928 471 1966 arras
482 1950 504 1981 ,
564 1906 909 1966 inauditum
951 1906 1250 1967 Romanis
1306 1927 1574 1984 nomen,
1645 1907 1789 1967 solis
1831 1907 2102 1967 librariis

209 2014 558 2088 eorumque
599 2005 1009 2090 negligentiae
1053 2007 1350 2069 debeatur
1367 2006 1444 2085 ²).
1526 2006 1614 2068 At
1652 2027 1809 2070 vero
1850 2007 1916 2067 in
1957 2027 2103 2090 per-

351 2237 406 2301 1)
447 2235 583 2287 Hanc
620 2239 863 2288 nominum
898 2239 1289 2302 permutationem
1324 2242 1422 2302 jam
1453 2246 1674 2288 notarunt
1701 2236 1814 2288 Viri
1840 2237 2012 2297 Docti,
2049 2233 2101 2285 in

205 2306 281 2358 his
330 2307 556 2373 Sigonius
608 2312 669 2360 ad
718 2311 848 2360 Livii
884 2311 1092 2373 Epitom.
1132 2309 1245 2360 CX.
1284 2309 1407 2361 Vol.
1435 2309 1586 2360 XIV.
1625 2330 1673 2372 p.
1698 2317 1784 2362 37.
1813 2310 1935 2370 Dr.‚
1975 2308 2102 2358 Gro-

205 2382 371 2430 novius
409 2382 468 2430 ad
505 2380 646 2431 Plinii
681 2381 743 2432 Ν.
770 2382 837 2431 Η.
876 2382 1013 2431 Libr.
1044 2382 1172 2432 XX.
1211 2401 1251 2431 c.
1281 2389 1397 2446 25„
1434 2381 1764 2431 Tzschuckius
1799 2382 1858 2430 ad
1894 2380 2099 2443 Eutrop-

204 2450 341 2500 Libr.
366 2452 488 2502 VII.
529 2472 569 2503 c.
597 2460 683 2503 23.
721 2474 768 2516 p.
799 2459 955 2518 402.,
1003 2456 1110 2514 alii,
1175 2473 1295 2516 quos
1343 2455 1465 2502 infra
1523 2455 1915 2503 commemorabo,
2003 2451 2100 2501 Hic

204 2541 402 2586 paucas,
453 2543 570 2586 quas
607 2525 729 2574 illud
765 2544 934 2574 nomen
971 2529 1021 2574 in
1056 2525 1393 2576 Codd.‘Mstis
1431 2527 1599 2583 subiit,
1650 2526 1941 2586 corruptelas
1976 2524 2098 2585 adji-

205 2592 309 2644 cere
372 2598 563 2658 placet&
621 2599 687 2644 ita
748 2615 826 2660 ap.
877 2595 1098 2647 Ciceron.
1135 2597 1183 2645 d.
1214 2595 1279 2647 N.
1304 2598 1370 2647 D.
1401 2595 1539 2647 Libr.
1568 2596 1660 2644 Ill.
1700 2615 1742 2644 c.
1772 2604 1858 2645 33.
1894 2614 1945 2657 p.
1974 2599 2096 2645 665.

204 2663 334 2717 Mos.
372 2670 420 2715 in
456 2669 569 2730 aliq.
601 2666 752 2717 Codd.
787 2669 1124 2735 supplicioque
1162 2669 1380 2736 Quartus
1416 2688 1502 2732 pro
1534 2668 1865 2733 supplicioque
1895 2667 1955 2736 Q.
1990 2666 2052 2714 V
2041 2686 2098 2716 α-

203 2740 308 2786 m'us
342 2740 544 2802 leg-itur,
582 2749 634 2787 ut
670 2741 785 2789 olim
820 2758 899 2801 ap.
936 2740 1154 2788 eumdem
1188 2739 1382 2790 Verrin.
1421 2738 1535 2789 Act.
1566 2739 1633 2789 ll.
1671 2739 1807 2787 Libr.
1831 2739 1901 2790 Π.
1937 2757 1979 2790 e.
2006 2742 2093 2789 48.

203 2811 249 2856 in
288 2807 437 2858 Codd.
481 2810 722 2878 Quartum
765 2813 934 2860 vitiose
978 2815 1204 2878 scriptum
1252 2813 1469 2861 exstabat
1515 2830 1600 2874 pro
1653 2811 1715 2879 Q.
1749 2809 1989 2873 Varium,
2042 2818 2097 2858 ut

203 2880 464 2940 adnotavit⁹
500 2893 608 2943 post
632 2882 908 2931 Harlesium
932 2881 1050 2931 Vol.
1077 2884 1118 2932 I.
1143 2902 1192 2945 p.
1217 2890 1366 2945 359„
1403 2882 1656 2945 Zumptius
1684 2880 1801 2932 Vol.
1828 2881 1870 2931 l.
1900 2901 1948 2944 p.
1971 2885 2094 2931 354.

202 2948 257 2999 ln
285 2951 433 3001 Codd.
458 2954 618 3002 Turic.
642 2953 920 3018 QuintilIaui
945 2954 987 3003 I.
1015 2953 1105 3004 Or.
1127 2955 1262 3004 Libr.
1280 2953 1375 3003 VI.
1399 2973 1438 3003 c.
1461 2961 1509 3005 3.
1542 2955 1585 3018 §.
1606 2960 1691 3006 78.
1727 2972 1814 3015 pro
1851 2953 1918 3002 L.
1952 2951 2095 3002 Varo

208 3024 450 3088 Epicureo
487 3023 796 3092 Spaldingius
833 3027 1060 3087 scriptum
1095 3029 1274 3075 invenit
1308 3025 1387 3074 vel
1417 3045 1564 3075 vareo
1599 3029 1841 3088 epicur2'03
1898 3027 1946 3072 iu
1987 3025 2094 3073 aliis

201 3093 353 3143 Codd.
398 3095 459 3144 L.
503 3096 563 3142 V
556 3115 673 3146 (ιιϊο
703 3096 958 3158 Epicuro:
1013 3098 1073 3146 cf.
1107 3098 1261 3160 ejusd.
1301 3096 1506 3147 Praefat.
1543 3099 1594 3145 in
1630 3096 1837 3163 Quintil.
1873 3093 1995 3145 Vol.
2022 3094 2092 3146 Π.

201 3184 247 3227 p.
270 3164 392 3216 Vll.
480 3166 649 3230 Neque
697 3166 869 3216 Graeci
919 3171 1176 3229 scriptores
1225 3169 1312 3218 hac
1358 3170 1623 3233 corruptela
1672 3171 1904 3217 immunes
1954 3175 2090 3216 sunt:

199 3240 262 3285 ita
315 3255 392 3301 ap.
442 3237 718 3301 Appianum
766 3238 832 3289 Β.
862 3236 918 3287 C.
951 3238 1150 3289 Libnl.
1187 3259 1226 3288 c.
1258 3246 1342 3290 37.
1393 3260 1480 3304 pro
1536 3236 1752 3290 Κόϊντον
1812 3235 2091 3303 Οὐαλέριον

198 3317 351 3364 recte,
391 3309 560 3372 Pighio
598 3321 878 3372 praeeunte,
919 3306 1136 3358 Κόϊντον
1180 3307 1404 3375 Οὖάριον
1438 3314 1642 3361 correxit
1684 3310 2090 3372 Schweighause-

198 3398 279 3427 rus
316 3377 435 3428 Vol.
464 3380 529 3429 Π.
569 3402 615 3442 p.
636 3387 720 3432 54.
795 3381 927 3429 Idem
960 3378 1031 3430 V.
1060 3381 1125 3431 D.
1155 3401 1231 3442 ap.
1262 3383 1533 3445 Appianum
1566 3382 1784 3430 Mithrid.
1824 3401 1862 3431 c.
1890 3386 1970 3431 95.
2002 3399 2089 3441 pro

207 3446 435 3509 ῙΙλώτιός
468 3470 519 3501 τε
561 3451 767 3520 Οὔαρος
802 3470 864 3500 ex
899 3450 1049 3502 Codd.
1078 3462 1125 3501 et
1163 3453 1314 3505 Editt.
1345 3458 1551 3505 enotavit
1588 3450 1841 3521 Βάρρων,
1879 3447 2085 3518 Βάρων,

203 3516 468 3589 Οὐάρρων.

340 3606 400 3671 2)-
430 3606 485 3655 Iu
522 3606 742 3671 Inscript.
770 3626 844 3672 ap.
877 3605 1132 3657 Gruterum
1169 3627 1215 3671 p.
1243 3606 1500 3660 MXCIX.
1531 3615 1611 3674 6.,
1648 3611 1729 3659 ubi
1771 3608 1967 3658 Varrus
2001 3626 2084 3658 ex-
