2236 3932
177 152 300 214 170
758 173 840 216 nn
885 178 944 216 ι.
988 176 1195 218 VAmo
1240 176 1479 218 roErA.

173 307 487 390 pellatam
503 324 654 372 esse
669 300 943 370 Sextum
958 309 1412 391 Sempronium
1447 312 1838 385 Gracchum,
1884 334 2067 374 eum-

174 426 300 483 que
357 409 517 467 adeo
574 402 853 469 carmina
901 403 1198 468 amatoria
1251 410 1595 490 scripsisse.
1681 409 1929 470 Nollem
1971 411 2069 470 fa-

173 493 414 560 ctum!
434 494 630 579 Nam,
674 508 744 560 ut
786 501 867 561 ab
896 505 1031 564 hoc
1073 499 1311 584 ordiar,
1355 510 1436 569 de
1478 509 1891 622 praenomine
1933 507 2068 592 ejus

171 592 317 660 ιιοιι
343 606 555 681 potest
594 597 902 682 Apuleius
945 602 1227 665 adhiberi
1267 607 1472 668 testis
1455 641 1474 683 ,-
1521 608 1575 667 si
1602 608 1871 708 quidem
1913 608 2069 667 nulli

170 691 291 761 alii
344 689 869 780 Semproniorum
941 698 1400 766 Gracchorum
1412 706 1620 766 Sexti
1683 700 2070 788 praenomen

146 789 362 860 fuisse
414 795 807 878 compertum
861 798 1191 863 habemus.
1279 804 1441 864 Ant.
1483 805 1734 867 Delrius
1787 807 1856 866 in
1900 804 2070 885 Syn·

171 904 362 980 tagm.
416 898 633 980 Tr.ag
684 896 826 959 Lat.
884 900 1026 963 Vol.
1071 901 1124 961 Ι.
1179 925 1243 984 p.
1283 906 1387 964 28.
1456 905 1734 986 scripsit·
1805 905 2077 984 „Junius

172 997 495 1059 Gracchus
509 1041 527 1073 ‚
572 990 681 1079 qni
696 1043 717 1076 ‚
776 991 1036 1062 auctore
1080 1001 1529 1066 Terentiano
1485 1049 1504 1081 ‚
1546 1001 1714 1084 Th)
1714 1013 1910 1067 estem
1956 1006 2071 1065 do-

172 1097 330 1158 cuit.
389 1097 558 1157 unde
601 1094 902 1162 Ovidius·
944 1100 1135 1161 Cum
1177 1101 1406 1163 Varius
1451 1102 1905 1185 Gracchusque
1959 1105 2072 1164 da-

168 1182 314 1257 rent
354 1183 499 1257 fera
534 1187 718 1258 dicta
742 1203 1037 1277 tyranno.
1041 1203 1084 1236 “
1134 1199 1249 1262 Et
1277 1202 1591 1264 Bothius
1571 1225 1640 1262 ιιι
1664 1203 1849 1264 Poet.
1882 1201 2070 1263 Scen.

167 1293 310 1356 Lat.
355 1282 492 1357 Vol.
522 1294 602 1357 V.
645 1296 716 1357 P.
754 1299 812 1358 l.
854 1322 919 1379 p.
953 1299 1100 1360 258.
1145 1301 1210 1361 in
1253 1302 1466 1363 medio
1497 1302 1828 1383 relinquit,
1878 1303 2075 1379 Cujus

167 1399 260 1458 Ιιι
255 1393 561 1492 wnz‘usne.
597 1410 689 1457 an
706 1399 1156 1480 Sempronius
1197 1421 1601 1482 praenomen·
1644 1401 1792 1462 huic
1847 1406 2074 1481 poetae

166 1495 401 1573 fuerit.
440 1501 521 1555 et
539 1502 768 1556 contra
791 1496 1079 1558 Delrium
1120 1508 1371 1577 monet,
1418 1502 1594 1581 apud
1617 1500 2075 1562 Terentianum

168 1580 352 1656 nihil
377 1595 511 1677 legi
564 1595 644 1656 de
687 1591 976 1658 Gracchi
1030 1598 1337 1678 Thyeste.
1449 1600 1525 1661 N.
1570 1596 1900 1661 Heinsium
1956 1620 2074 1660 vo—

168 1695 394 1756 luisse
417 1694 720 1755 Macrobii
765 1693 1026 1756 Saturn.
1071 1697 1242 1758 Libr.
1272 1698 1354 1758 II.
1401 1721 1455 1760 c.
1460 1735 1463 1738 -
1493 1700 1557 1760 4.
1602 1717 1840 1759 nomen
1882 1696 2082 1757 Lucu

174 1792 462 1857 Gracchi
514 1791 878 1876 conjectura
935 1795 1204 1874 inferre,
1264 1799 1498 1859 dictum
1553 1792 1648 1859 est
1703 1795 1833 1879 jam
1890 1815 2075 1876 supra

167 1904 219 1969 ᾗ.
249 1897 309 1957 2.
352 1879 427 1954 Ν.
460 1893 520 1954 5.
623 1893 909 1956 Praestat
965 1914 1041 1956 ea
1096 1896 1163 1956 in
1219 1918 1291 1958 re
1340 1910 1522 1958 suam
1563 1895 1853 1958 confiteri
1894 1895 2076 1979 igno-

165 1994 470 2070 rantiam,
517 2004 709 2074 quam
735 1993 1028 2055 inanibus
1069 1995 1396 2079 indulgere
1434 1991 1911 2078 suspicionibus.
1949 2043 1953 2047 .
2001 1995 2075 2054 Id

166 2081 412 2179 tantum
467 2092 652 2153 nobis
710 2085 1279 2173 exploratissimum
1347 2103 1474 2173 est,
1531 2096 1819 2178 Augusto
1872 2096 2078 2174 impe-

163 2196 367 2254 rante*
398 2191 639 2253 Romae
691 2192 931 2254 vixisse
1002 2193 1356 2255 Gracchum
1411 2201 1665 2276 poetam
1682 2237 1702 2271 ‚
1778 2192 1857 2254 L.
1902 2192 2078 2253 Varii

167 2293 500 2374 aequalem
558 2297 622 2354 et
661 2284 1001 2375 tragoediis
1045 2293 1390 2355 scribendis
1435 2293 1696 2355 clarum.
1810 2291 2078 2355 Ovidius

163 2387 249 2455 δ’ὁ
264 2406 271 2414 ’
286 2392 449 2454 facie
490 2413 639 2456 eum
698 2399 1111 2476 cognoverat,
1156 2389 1292 2476 ejus
1318 2393 1668 2472 Thyestem
1693 2391 2082 2476 tragoediam

167 2495 560 2577 spectaverat
603 2501 670 2556 et
714 2515 857 2556 eam
898 2493 994 2553 in
1007 2493 1115 2554 illa
1157 2513 1264 2554 ex
1286 2491 1489 2554 Ponto
1532 2441 1828 2574 epistola&
1835 2490 2080 2574 pristini

77 2623 79 2626 ⁴
167 2593 476 2692 temporis
544 2594 920 2656 memoriam
992 2590 1334 2677 jucundam
1389 2599 1686 2674 repetens
1749 2611 1880 2652 ιιοιι
1946 2589 2080 2650 sine

171 2682 383 2754 laude
401 2682 893 2756 commemorat.
1005 2690 1214 2777 Hujus
1262 2693 1620 2776 tragoediae
1674 2696 1741 2753 et
1794 2689 1944 2750 alibi
1995 2686 2078 2748 fit

168 2786 429 2880 mentia
533 2791 642 2855 Sic
678 2794 1037 2856 Priscianus
1079 2791 1258 2853 Libr.
1297 2792 1409 2853 VI.
1465 2813 1529 2873 p.
1563 2792 1712 2853 719.
1754 2788 1829 2849 P.
1885 2808 1940 2848 c.
1977 2788 2077 2847 16.

169 2901 223 2967 §-
239 2885 360 2954 85
401 2891 524 2952 Kr.
546 2891 938 2971 „Gracchus
985 2892 1053 2953 in
1096 2893 1413 2971 Thyeste.

176 3019 178 3022 ¹
257 2971 491 3053 Mersit
534 2992 855 3075 sequentis
897 2991 1246 3052 hfflnidum
1275 2989 1533 3074 plantis
1575 2989 1921 3050 humma-fl

168 3089 514 3175 Bentlejus,
542 3090 668 3173 qui
694 3090 863 3151 hunc
888 3093 1254 3153 trimetrum
1285 3092 1365 3152 ad
1391 3089 1633 3151 Horatii
1647 3088 1724 3148 A.
1747 3088 1818 3148 P.
1851 3109 1914 3149 v.
1933 3087 2073 3147 260.

171 3187 413 3269 attulit,
480 3190 862 3274 'probaturus
876 3236 897 3269 ,
975 3192 1182 3275 leges'
1220 3189 1609 3252 Graecorum
1680 3186 2080 3248 exactissime

170 3291 463 3355 servatas
505 3287 661 3353 esse
695 3311 732 3351 a
778 3290 972 3374 Tragi
982 3292 1075 3352 cis
1111 3290 1372 3351 Horatio
1425 3295 1632 3350 aetate
1679 3285 2074 3367 supparibus,

132 3392 297 3475 legi
349 3388 593 3452 maluit
605 3391 914 3474 plantas
962 3410 1080 3471 pro
1137 3389 1309 3472 vulg.
1352 3385 1606 3502 Ρῖαιιιιε
1619 3421 1645 3461 ,-
1712 3385 2078 3447 existimans

170 3493 443 3553 Ruinam
484 3489 946 3553 nominativum
987 3489 1273 3550 neutrius
1315 3487 1586 3571 generis
1606 3501 1796 3547 esse.
1872 3480 2079 3542 Kreh—
