2236 3932
265 129 390 193 284
859 152 940 194 nr.
986 152 1210 214 cAsslo
1251 151 1615 210 PARMENSJ.

261 288 512 352 adeunti
555 293 621 350 et
661 287 959 350 ambienti
1013 287 1319 364 honoreS,
1385 294 1491 348 aut
1531 289 1622 358 ad.
1652 295 2003 370 postremos
2046 314 2152 356 re-

260 388 412 449 ferri
467 393 694 464 annoS,
769 406 928 466 quos
988 384 1267 444 Cassium
1322 385 1735 449 Alexandriae
1793 392 1960 470 apud
2017 393 2154 453 An-

258 489 506 551 tonium
547 485 915 565 transegisse
956 483 1269 544 novimus.
1357 484 1525 565 Quot
1556 487 1935 569 quantisque
1965 489 2153 574 hujus

259 588 506 668 generis
579 582 873 645 conviciis
933 583 1448 663 contumeliisque
1518 585 1824 647 Antonius
1883 589 2025 650 Cos.
2083 592 2152 652 in

258 686 472 746 edictis
537 682 823 743 obruerit
881 679 1294 742 Octavianum
1362 679 1690 763 juvenem,
1759 695 2151 769 compertum

258 784 558 844 habemus
597 800 684 841 ex
713 780 1032 842 Ciceronis
1071 780 1340 861 Philipp.
1370 781 1484 840 III.
1529 802 1583 842 c.
1612 785 1675 844 6.
1708 807 1845 866 sqq.
1932 786 2150 868 Neque

243 903 373 964 -per
431 899 498 941 se
535 881 953 962 improbabile
998 885 1120 955 est,
1176 879 1589 942 Parmensem
1632 884 1914 947 Cassium
1960 888 2149 948 istam

258 981 588 1061 epistolam
638 999 724 1040 ex
778 979 928 1039 Asia
987 979 1234 1039 dedisse
1288 981 1367 1040 ad
1421 978 1872 1062 Octavianum,
1934 1008 2146 1067 quem,

241 1079 538 1161 deposita
587 1085 728 1159 post
776 1098 1051 1161 pugnam
1091 1078 1514 1142 Mutinensem
1556 1081 1951 1144 simulatione
1967 1130 1986 1162 ,
2046 1086 2149 1146 in·-

253 1180 501 1240 audiret
545 1180 620 1238 ad
667 1178 1072 1239 Consulatum
1128 1180 1474 1260 adspirare,
1547 1186 1612 1241 et
1652 1181 1836 1244 facile
1881 1205 2146 1267 augura-

250 1286 427 1340 retur
466 1299 701 1340 novum
742 1277 879 1339 fore
924 1277 1184 1340 civitatis
1231 1279 1580 1339 dominum.
1664 1280 1962 1344 Attamen
1986 1284 2146 1344 mihi

246 1380 501 1442 videtur
555 1379 982 1455 verisimilius,
1048 1379 1165 1438 ista
1225 1378 1458 1459 scripta
1528 1400 1667 1442 esse
1726 1381 2143 1443 Alexandriae

249 1479 635 1559 Romamque
677 1480 885 1540 missa.
976 1477 1356 1539 Octavianus
1401 1478 1604 1556 enim,
1659 1481 1918 1543 simulac
1963 1481 2141 1543 Sext.

248 1576 591 1662 Pompeius
640 1578 1000 1662 profligatus
1056 1583 1248 1653 esset,
1304 1598 1500 1639 novas
1543 1600 1887 1661 gravesque
1931 1604 2144 1643 susce-

247 1685 426 1762 perat
485 1699 631 1740 cum
692 1679 973 1739 Antonio
1034 1677 1426 1750 inimicitias3
1498 1681 1764 1760 uterque
1821 1683 2015 1742 auctis
2073 1682 2142 1742 in

169 1802 175 1809 ·‘
247 1780 384 1839 dies
446 1778 764 1840 discordiis
827 1783 1047 1838 mutua
1106 1777 1224 1837 sibi
1280 1797 1397 1858 per
1438 1778 1674 1838 litteras
1721 1781 2003 1842 convicia
2044 1780 2142 1842 fa-

247 1879 499 1940 ciebant
552 1883 615 1939 et
681 1878 1089 1940 contumelias
1150 1877 1546 1959 ingerebant,
1617 1884 1689 1937 ut
1740 1880 1973 1959 partim
2015 1881 2143 1942 fra·-

247 1983 503 2062 gmenta
546 1977 943 2058 epistolarum
988 1979 1155 2058 apud
1199 1977 1576 2038 Suetonium
1622 1998 1677 2038 c.
1728 1981 1825 2040 16.
1842 2024 1860 2056 ,
1906 1981 2141 2062 partim

246 2077 604 2139 Cremutius
674 2077 910 2138 Cordus
984 2079 1150 2158 apud
1222 2077 1513 2138 Tacitum
1560 2077 1741 2139 Ann.
1799 2078 1978 2142 Libr.
2024 2081 2139 2142 IV.

231 2197 295 2239 .c.
334 2177 438 2237 34.
482 2181 826 2238 attestatur.
928 2175 1072 2239 Jam
1113 2161 1261 2238 cum
1304 2175 1551 2238 Cassius
1593 2176 1948 2239 Parmensis
1989 2179 2138 2241 inde

233 2277 322 2336 ,ab
379 2297 542 2336 anno
585 2278 659 2338 U.
697 2278 761 2338 C.
807 2277 956 2338 719.
1013 2276 1266 2337 Antonii
1329 2297 1610 2338 caussam
1667 2278 2136 2359 quodammodo

243 2395 424 2437 suam
478 2375 752 2453 fecisset,
809 2376 970 2437 nihil
1019 2377 1271 2438 videtur
1311 2377 1573 2458 propius
1617 2396 1654 2437 a
1694 2395 1851 2438 vero
1895 2380 2136 2456 abesse,

243 2496 436 2557 quam
479 2477 798 2553 eumdem,
857 2496 1058 2557 quum
1099 2495 1274 2536 arma
1315 2481 1456 2538 tum
1496 2476 1926 2558 quiescerent,
1986 2479 2136 2558 styli

228 2596 510 2637 acumen
576 2576 955 2638 convertisse
1009 2576 1075 2636 in
1143 2575 1464 2637 infensum
1517 2576 1638 2636 sibi
1697 2574 2133 2654 Octavianum,

238 2694 513 2756 eumque
555 2674 942 2735 irrisionibus
986 2676 1392 2737 amarulentis
1437 2676 1830 2757 proscidisse.
1914 2677 2134 2757 Neque

239 2776 575 2857 quisquam
633 2773 749 2833 erit
800 2774 956 2856 quin
1008 2775 1078 2836 in
1133 2776 1244 2836 illo
1289 2776 1594 2858 epistolae
1638 2776 1963 2837 Cassianae
2005 2775 2134 2836 fra-

242 2879 503 2959 gmento
550 2873 970 2952 deprehendat
1010 2875 1366 2957 ingenium,
1410 2876 1762 2939 doctrinam
1803 2881 1869 2936 et
1909 2874 2134 2936 mirifi-

241 2996 381 3037 cam
425 2971 729 3034 acuminis
767 2974 1194 3035 acerbitatem.

410 3071 748 3137 Suetonius
786 3074 994 3134 relatis
1039 3074 1127 3134 eis
1141 3118 1161 3151 ,
1207 3095 1369 3155 quae
1398 3074 1731 3136 Antonius
1752 3075 1832 3135 de
1867 3040 2129 3156 paterno

236 3181 305 3237 et
357 3170 645 3234 materno
714 3192 940 3255 genere
1012 3171 1338 3236 Octaviani
1410 3171 1670 3258 ejusque
1734 3175 2128 3258 ignobilitate

234 3295 352 3357 per
404 3273 706 3336 invidiam
761 3277 818 3332 et
877 3272 1398 3335 obtrectationem
1456 3279 1844 3335 commentus
1900 3272 2126 3351 fuerat,

236 3374 434 3436 Cassii
460 3365 813 3434 Parmensis
855 3372 1291 3434 testimonium
1333 3369 1631 3455 subjecit,
1675 3395 1803 3454 quo
1847 3379 1914 3434 et
1950 3360 2127 3434 aviae

236 3480 298 3535 et
355 3473 458 3536 avi
510 3471 862 3555 ignobilitas
922 3471 1229 3533 declarata
1283 3477 1469 3534 esset.
1568 3472 1877 3534 Antonius
1934 3471 2123 3547 enim,

236 3578 491 3635 auctore
536 3571 838 3634 Suetonio
881 3590 938 3633 c.
968 3572 1031 3631 2.
1042 3613 1063 3649 ,
1107 3577 1440 3654 paternum
1469 3570 1794 3636 Octaviani
1818 3592 2124 3655 proavum
