<?xml version="1.0" encoding="UTF-8"?>
<!DOCTYPE html PUBLIC "-//W3C//DTD XHTML 1.0 Transitional//EN"
    "http://www.w3.org/TR/xhtml1/DTD/xhtml1-transitional.dtd">
<html xmlns="http://www.w3.org/1999/xhtml" xml:lang="en" lang="en">
 <head>
  <title>
</title>
<meta http-equiv="Content-Type" content="text/html;charset=utf-8" />
  <meta name='ocr-system' content='tesseract 3.04.00' />
  <meta name='ocr-capabilities' content='ocr_page ocr_carea ocr_par ocr_line ocrx_word'/>
</head>
<body>
  <div class='ocr_page' id='page_1' title='image "./deluciivariietca00weicuoft_0200.png"; bbox 0 0 2236 3932; ppageno 0'>
   <div class='ocr_carea' id='block_1_1' title="bbox 179 118 1510 178">
    <p class='ocr_par' dir='ltr' id='par_1_1' title="bbox 179 118 1510 178">
     <span class='ocr_line' id='line_1_1' title="bbox 179 118 1510 178; baseline -0.002 0"><span class='ocrx_word' id='word_1_1' title='bbox 179 118 300 178; x_wconf 88' lang='grc'><em>182</em></span> <span class='ocrx_word' id='word_1_2' title='bbox 755 138 835 178; x_wconf 75' lang='lat' dir='ltr'><em>m:</em></span> <span class='ocrx_word' id='word_1_3' title='bbox 882 137 1109 178; x_wconf 70' lang='lat' dir='ltr'><em>CAssio</em></span> <span class='ocrx_word' id='word_1_4' title='bbox 1142 136 1510 178; x_wconf 78' lang='lat' dir='ltr'><strong>PARMENSI.</strong></span> 
     </span>
    </p>
   </div>
   <div class='ocr_carea' id='block_1_2' title="bbox 123 270 2183 3424">
    <p class='ocr_par' dir='ltr' id='par_1_2' title="bbox 123 270 2183 3424">
     <span class='ocr_line' id='line_1_2' title="bbox 176 270 2076 355; baseline -0.001 -23"><span class='ocrx_word' id='word_1_5' title='bbox 176 273 246 333; x_wconf 86' lang='lat' dir='ltr'><em>in</em></span> <span class='ocrx_word' id='word_1_6' title='bbox 287 271 618 355; x_wconf 85' lang='lat' dir='ltr'><em>Apologet.</em></span> <span class='ocrx_word' id='word_1_7' title='bbox 677 293 732 334; x_wconf 88' lang='lat' dir='ltr'><em>c.</em></span> <span class='ocrx_word' id='word_1_8' title='bbox 784 272 883 334; x_wconf 90' lang='lat'><em>10.</em></span> <span class='ocrx_word' id='word_1_9' title='bbox 927 270 1071 332; x_wconf 84' lang='lat' dir='ltr'><em>Vol.</em></span> <span class='ocrx_word' id='word_1_10' title='bbox 1104 270 1184 330; x_wconf 83' lang='lat' dir='ltr'><em>V.</em></span> <span class='ocrx_word' id='word_1_11' title='bbox 1239 292 1304 353; x_wconf 84' lang='lat' dir='ltr'><em>p.</em></span> <span class='ocrx_word' id='word_1_12' title='bbox 1336 271 1441 331; x_wconf 86' lang='lat'><em>31.</em></span> <span class='ocrx_word' id='word_1_13' title='bbox 1486 271 1587 333; x_wconf 85' lang='lat' dir='ltr'><em>ed.</em></span> <span class='ocrx_word' id='word_1_14' title='bbox 1632 270 1860 333; x_wconf 87' lang='lat' dir='ltr'><em>Seml.:</em></span> <span class='ocrx_word' id='word_1_15' title='bbox 1904 274 2076 345; x_wconf 84' lang='lat' dir='ltr'><em>„Sa-</em></span> 
     </span>
     <span class='ocr_line' id='line_1_3' title="bbox 177 368 2080 453; baseline -0.002 -20"><span class='ocrx_word' id='word_1_16' title='bbox 177 381 452 436; x_wconf 86' lang='lat' dir='ltr'><em>turnum</em></span> <span class='ocrx_word' id='word_1_17' title='bbox 489 371 711 453; x_wconf 74' lang='lat' dir='ltr'><em>itaque</em></span> <span class='ocrx_word' id='word_1_18' title='bbox 752 380 1070 453; x_wconf 71' lang='lat' dir='ltr'><em>quantum</em></span> <span class='ocrx_word' id='word_1_19' title='bbox 1097 368 1351 429; x_wconf 79' lang='lat' dir='ltr'><em>litterae</em></span> <span class='ocrx_word' id='word_1_20' title='bbox 1378 370 1643 445; x_wconf 78' lang='lat' dir='ltr'><em>docent,</em></span> <span class='ocrx_word' id='word_1_21' title='bbox 1685 391 1888 452; x_wconf 72' lang='lat' dir='ltr'><em>neque</em></span> <span class='ocrx_word' id='word_1_22' title='bbox 1913 369 2080 430; x_wconf 86' lang='lat' dir='ltr'><em>Dio-</em></span> 
     </span>
     <span class='ocr_line' id='line_1_4' title="bbox 180 468 2082 551; baseline -0.003 -18"><span class='ocrx_word' id='word_1_23' title='bbox 180 472 384 535; x_wconf 86' lang='lat' dir='ltr'><em>dorus</em></span> <span class='ocrx_word' id='word_1_24' title='bbox 434 470 723 531; x_wconf 80' lang='lat' dir='ltr'><em>Graecus</em></span> <span class='ocrx_word' id='word_1_25' title='bbox 737 512 764 543; x_wconf 69' lang='lat'>5</span> <span class='ocrx_word' id='word_1_26' title='bbox 821 477 942 528; x_wconf 87' lang='lat' dir='ltr'><em>aut</em></span> <span class='ocrx_word' id='word_1_27' title='bbox 993 468 1270 529; x_wconf 79' lang='lat' dir='ltr'><em>Thallus</em></span> <span class='ocrx_word' id='word_1_28' title='bbox 1284 512 1309 546; x_wconf 87' lang='lat'>,</span> <span class='ocrx_word' id='word_1_29' title='bbox 1348 490 1551 551; x_wconf 76' lang='lat' dir='ltr'><em>neque</em></span> <span class='ocrx_word' id='word_1_30' title='bbox 1592 468 1853 531; x_wconf 76' lang='lat' dir='ltr'><em>Cassius</em></span> <span class='ocrx_word' id='word_1_31' title='bbox 1893 471 2082 528; x_wconf 84' lang='lat' dir='ltr'><em>Seve-</em></span> 
     </span>
     <span class='ocr_line' id='line_1_5' title="bbox 181 565 2083 649; baseline -0.002 -19"><span class='ocrx_word' id='word_1_32' title='bbox 181 591 300 630; x_wconf 82' lang='lat' dir='ltr'><em>rus</em></span> <span class='ocrx_word' id='word_1_33' title='bbox 316 613 340 644; x_wconf 87' lang='lat'><strong><em>,</em></strong></span> <span class='ocrx_word' id='word_1_34' title='bbox 386 579 506 629; x_wconf 89' lang='lat' dir='ltr'><em>aut</em></span> <span class='ocrx_word' id='word_1_35' title='bbox 541 565 872 629; x_wconf 80' lang='lat' dir='ltr'><em>Cornelius</em></span> <span class='ocrx_word' id='word_1_36' title='bbox 899 565 1140 646; x_wconf 76' lang='lat' dir='ltr'><em>Nepos,</em></span> <span class='ocrx_word' id='word_1_37' title='bbox 1183 588 1388 649; x_wconf 75' lang='lat' dir='ltr'><em>neque</em></span> <span class='ocrx_word' id='word_1_38' title='bbox 1419 569 1594 628; x_wconf 86' lang='lat' dir='ltr'><em>ullus</em></span> <span class='ocrx_word' id='word_1_39' title='bbox 1621 576 2083 628; x_wconf 78' lang='lat' dir='ltr'><em>commentator</em></span> 
     </span>
     <span class='ocr_line' id='line_1_6' title="bbox 182 663 2085 748; baseline -0.003 -19"><span class='ocrx_word' id='word_1_40' title='bbox 182 665 569 745; x_wconf 76' lang='lat' dir='ltr'><em>ejuscemodi</em></span> <span class='ocrx_word' id='word_1_41' title='bbox 609 663 1080 746; x_wconf 72' lang='lat' dir='ltr'><em>antiquitatum</em></span> <span class='ocrx_word' id='word_1_42' title='bbox 1121 664 1307 724; x_wconf 84' lang='lat' dir='ltr'><em>aliud</em></span> <span class='ocrx_word' id='word_1_43' title='bbox 1346 688 1543 748; x_wconf 68' lang='lat' dir='ltr'><em>quam</em></span> <span class='ocrx_word' id='word_1_44' title='bbox 1567 666 1890 744; x_wconf 68' lang='lat' dir='ltr'><em>hominem</em></span> <span class='ocrx_word' id='word_1_45' title='bbox 1921 685 2085 748; x_wconf 76' lang='lat' dir='ltr'><em>pro-</em></span> 
     </span>
     <span class='ocr_line' id='line_1_7' title="bbox 179 760 2084 845; baseline -0.001 -19"><span class='ocrx_word' id='word_1_46' title='bbox 179 768 633 844; x_wconf 79' lang='lat' dir='ltr'><em>mulgammt.“</em></span> <span class='ocrx_word' id='word_1_47' title='bbox 747 763 928 823; x_wconf 81' lang='lat' dir='ltr'><em>Adde</em></span> <span class='ocrx_word' id='word_1_48' title='bbox 988 760 1273 845; x_wconf 80' lang='lat' dir='ltr'><em>ejusdem</em></span> <span class='ocrx_word' id='word_1_49' title='bbox 1330 766 1412 824; x_wconf 84' lang='lat' dir='ltr'><em>ad</em></span> <span class='ocrx_word' id='word_1_50' title='bbox 1469 765 1719 827; x_wconf 90' lang='lat' dir='ltr'><em>Nation.</em></span> <span class='ocrx_word' id='word_1_51' title='bbox 1775 765 1955 827; x_wconf 88' lang='lat' dir='ltr'><em>Libr.</em></span> <span class='ocrx_word' id='word_1_52' title='bbox 1997 763 2084 825; x_wconf 88' lang='lat' dir='ltr'><em>II.</em></span> 
     </span>
     <span class='ocr_line' id='line_1_8' title="bbox 182 860 2088 945; baseline -0.003 -18"><span class='ocrx_word' id='word_1_53' title='bbox 182 885 238 927; x_wconf 80' lang='grc' dir='ltr'><em>ο.</em></span> <span class='ocrx_word' id='word_1_54' title='bbox 278 867 379 925; x_wconf 88' lang='grc'><em>12.</em></span> <span class='ocrx_word' id='word_1_55' title='bbox 420 862 564 922; x_wconf 85' lang='lat' dir='ltr'><em>Vol.</em></span> <span class='ocrx_word' id='word_1_56' title='bbox 594 860 646 920; x_wconf 93' lang='grc' dir='ltr'><em>Ι.</em></span> <span class='ocrx_word' id='word_1_57' title='bbox 689 883 755 942; x_wconf 87' lang='lat' dir='ltr'><em>p.</em></span> <span class='ocrx_word' id='word_1_58' title='bbox 791 861 969 920; x_wconf 80' lang='lat'><strong>189.:</strong></span> <span class='ocrx_word' id='word_1_59' title='bbox 1011 863 1308 936; x_wconf 82' lang='lat' dir='ltr'><em>„Exstat</em></span> <span class='ocrx_word' id='word_1_60' title='bbox 1351 865 1539 945; x_wconf 80' lang='lat' dir='ltr'><em>apud</em></span> <span class='ocrx_word' id='word_1_61' title='bbox 1562 864 1811 926; x_wconf 76' lang='lat' dir='ltr'><em>litteras</em></span> <span class='ocrx_word' id='word_1_62' title='bbox 1839 873 2088 924; x_wconf 85' lang='lat' dir='ltr'><em>vestras</em></span> 
     </span>
     <span class='ocr_line' id='line_1_9' title="bbox 178 959 2090 1045; baseline 0.001 -22"><span class='ocrx_word' id='word_1_63' title='bbox 178 981 635 1045; x_wconf 73' lang='lat' dir='ltr'><em>usquequaque</em></span> <span class='ocrx_word' id='word_1_64' title='bbox 675 959 956 1019; x_wconf 81' lang='lat' dir='ltr'><em>Saturni</em></span> <span class='ocrx_word' id='word_1_65' title='bbox 975 982 1233 1024; x_wconf 77' lang='lat' dir='ltr'><em>census.-</em></span> <span class='ocrx_word' id='word_1_66' title='bbox 1281 961 1550 1040; x_wconf 83' lang='lat' dir='ltr'><em>legimus</em></span> <span class='ocrx_word' id='word_1_67' title='bbox 1578 964 1761 1045; x_wconf 77' lang='lat' dir='ltr'><em>apud</em></span> <span class='ocrx_word' id='word_1_68' title='bbox 1792 962 2090 1026; x_wconf 85' lang='lat' dir='ltr'><em>Cassium</em></span> 
     </span>
     <span class='ocr_line' id='line_1_10' title="bbox 181 1058 2090 1143; baseline -0.001 -22"><span class='ocrx_word' id='word_1_69' title='bbox 181 1064 492 1122; x_wconf 86' lang='lat' dir='ltr'><em>Severum</em></span> <span class='ocrx_word' id='word_1_70' title='bbox 507 1103 528 1131; x_wconf 92' lang='lat'><strong><em>,</em></strong></span> <span class='ocrx_word' id='word_1_71' title='bbox 602 1059 787 1141; x_wconf 79' lang='lat' dir='ltr'><em>apud</em></span> <span class='ocrx_word' id='word_1_72' title='bbox 845 1058 1210 1135; x_wconf 77' lang='lat' dir='ltr'><em>Cornelios,</em></span> <span class='ocrx_word' id='word_1_73' title='bbox 1264 1061 1580 1143; x_wconf 82' lang='lat' dir='ltr'><em>Nepotem</em></span> <span class='ocrx_word' id='word_1_74' title='bbox 1633 1072 1695 1124; x_wconf 91' lang='lat' dir='ltr'><em>et</em></span> <span class='ocrx_word' id='word_1_75' title='bbox 1760 1061 2090 1136; x_wconf 87' lang='lat' dir='ltr'><em>Tacitum,</em></span> 
     </span>
     <span class='ocr_line' id='line_1_11' title="bbox 183 1159 2092 1242; baseline 0.001 -22"><span class='ocrx_word' id='word_1_76' title='bbox 183 1159 366 1241; x_wconf 78' lang='lat' dir='ltr'><em>apud</em></span> <span class='ocrx_word' id='word_1_77' title='bbox 399 1159 682 1220; x_wconf 82' lang='lat' dir='ltr'><em>Graecos</em></span> <span class='ocrx_word' id='word_1_78' title='bbox 715 1178 1000 1240; x_wconf 73' lang='lat' dir='ltr'><em>quoque,</em></span> <span class='ocrx_word' id='word_1_79' title='bbox 1043 1159 1432 1234; x_wconf 84' lang='lat' dir='ltr'><em>Diodorum,</em></span> <span class='ocrx_word' id='word_1_80' title='bbox 1477 1159 1663 1242; x_wconf 74' lang='lat' dir='ltr'><em>quive</em></span> <span class='ocrx_word' id='word_1_81' title='bbox 1689 1161 1850 1222; x_wconf 83' lang='lat' dir='ltr'><em>alii“</em></span> <span class='ocrx_word' id='word_1_82' title='bbox 1880 1161 2092 1240; x_wconf 76' lang='lat' dir='ltr'><em>etc-³).</em></span> 
     </span>
     <span class='ocr_line' id='line_1_12' title="bbox 183 1258 2095 1345; baseline 0.001 -26"><span class='ocrx_word' id='word_1_83' title='bbox 183 1258 345 1321; x_wconf 86' lang='lat' dir='ltr'><em>Cum</em></span> <span class='ocrx_word' id='word_1_84' title='bbox 389 1258 784 1319; x_wconf 75' lang='lat' dir='ltr'><em>Tertulliano</em></span> <span class='ocrx_word' id='word_1_85' title='bbox 831 1277 1034 1340; x_wconf 81' lang='lat' dir='ltr'><em>paene</em></span> <span class='ocrx_word' id='word_1_86' title='bbox 1077 1261 1156 1319; x_wconf 86' lang='lat' dir='ltr'><em>ad</em></span> <span class='ocrx_word' id='word_1_87' title='bbox 1181 1260 1452 1345; x_wconf 83' lang='lat' dir='ltr'><em>verbum</em></span> <span class='ocrx_word' id='word_1_88' title='bbox 1481 1259 1799 1342; x_wconf 85' lang='lat' dir='ltr'><em>conspirat</em></span> <span class='ocrx_word' id='word_1_89' title='bbox 1822 1259 2095 1321; x_wconf 87' lang='lat' dir='ltr'><em>Lactan-</em></span> 
     </span>
     <span class='ocr_line' id='line_1_13' title="bbox 183 1357 2095 1442; baseline 0 -24"><span class='ocrx_word' id='word_1_90' title='bbox 183 1359 309 1419; x_wconf 83' lang='lat' dir='ltr'><em>tius</em></span> <span class='ocrx_word' id='word_1_91' title='bbox 326 1402 346 1435; x_wconf 88' lang='lat'>‚</span> <span class='ocrx_word' id='word_1_92' title='bbox 390 1358 545 1419; x_wconf 89' lang='lat' dir='ltr'><em>item</em></span> <span class='ocrx_word' id='word_1_93' title='bbox 587 1358 667 1418; x_wconf 79' lang='lat' dir='ltr'><em>(le</em></span> <span class='ocrx_word' id='word_1_94' title='bbox 695 1357 955 1418; x_wconf 79' lang='lat' dir='ltr'><em>Saturni</em></span> <span class='ocrx_word' id='word_1_95' title='bbox 996 1378 1195 1440; x_wconf 87' lang='lat' dir='ltr'><em>regno</em></span> <span class='ocrx_word' id='word_1_96' title='bbox 1239 1359 1525 1419; x_wconf 74' lang='lat' dir='ltr'><em>terrestri</em></span> <span class='ocrx_word' id='word_1_97' title='bbox 1568 1380 1760 1442; x_wconf 86' lang='lat' dir='ltr'><em>agens</em></span> <span class='ocrx_word' id='word_1_98' title='bbox 1777 1403 1796 1436; x_wconf 89' lang='lat'>,</span> <span class='ocrx_word' id='word_1_99' title='bbox 1841 1358 2018 1419; x_wconf 90' lang='lat' dir='ltr'><em>Libr.</em></span> <span class='ocrx_word' id='word_1_100' title='bbox 2040 1358 2095 1418; x_wconf 89' lang='grc' dir='ltr'><em>Ι.</em></span> 
     </span>
     <span class='ocr_line' id='line_1_14' title="bbox 185 1456 2096 1539; baseline -0.001 -21"><span class='ocrx_word' id='word_1_101' title='bbox 185 1459 267 1518; x_wconf 87' lang='lat' dir='ltr'><em>de</em></span> <span class='ocrx_word' id='word_1_102' title='bbox 309 1457 473 1517; x_wconf 71' lang='lat' dir='ltr'><em>Fais.</em></span> <span class='ocrx_word' id='word_1_103' title='bbox 516 1456 718 1539; x_wconf 90' lang='lat' dir='ltr'><em>Relig.</em></span> <span class='ocrx_word' id='word_1_104' title='bbox 766 1477 821 1517; x_wconf 89' lang='lat' dir='ltr'><em>c.</em></span> <span class='ocrx_word' id='word_1_105' title='bbox 855 1457 958 1517; x_wconf 83' lang='lat'><em>13.</em></span> <span class='ocrx_word' id='word_1_106' title='bbox 1001 1480 1065 1539; x_wconf 85' lang='lat' dir='ltr'><em>p.</em></span> <span class='ocrx_word' id='word_1_107' title='bbox 1095 1460 1200 1517; x_wconf 89' lang='lat'><em>87.</em></span> <span class='ocrx_word' id='word_1_108' title='bbox 1262 1459 1361 1518; x_wconf 87' lang='lat' dir='ltr'><em>ed.</em></span> <span class='ocrx_word' id='word_1_109' title='bbox 1419 1459 1719 1520; x_wconf 85' lang='lat' dir='ltr'><em>Biinem.:</em></span> <span class='ocrx_word' id='word_1_110' title='bbox 1777 1456 2096 1533; x_wconf 85' lang='lat' dir='ltr'><em>„Graeci,</em></span> 
     </span>
     <span class='ocr_line' id='line_1_15' title="bbox 186 1555 2100 1639; baseline -0.002 -20"><span class='ocrx_word' id='word_1_111' title='bbox 186 1555 523 1619; x_wconf 86' lang='lat' dir='ltr'><em>Diodorus</em></span> <span class='ocrx_word' id='word_1_112' title='bbox 568 1565 630 1615; x_wconf 85' lang='lat' dir='ltr'><em>et</em></span> <span class='ocrx_word' id='word_1_113' title='bbox 682 1557 991 1630; x_wconf 81' lang='lat' dir='ltr'><em>Thallus3</em></span> <span class='ocrx_word' id='word_1_114' title='bbox 1040 1555 1308 1631; x_wconf 77' lang='lat' dir='ltr'><em>Latini,</em></span> <span class='ocrx_word' id='word_1_115' title='bbox 1366 1558 1583 1639; x_wconf 80' lang='lat' dir='ltr'><em>Nepos</em></span> <span class='ocrx_word' id='word_1_116' title='bbox 1626 1568 1690 1618; x_wconf 90' lang='lat' dir='ltr'><em>et</em></span> <span class='ocrx_word' id='word_1_117' title='bbox 1736 1555 1996 1620; x_wconf 84' lang='lat' dir='ltr'><em>Cassius</em></span> <span class='ocrx_word' id='word_1_118' title='bbox 2038 1565 2100 1616; x_wconf 88' lang='lat' dir='ltr'><em>et</em></span> 
     </span>
     <span class='ocr_line' id='line_1_16' title="bbox 195 1653 2099 1735; baseline -0.002 -16"><span class='ocrx_word' id='word_1_119' title='bbox 195 1657 267 1720; x_wconf 86' lang='lat' dir='ltr'><em>V</em></span> <span class='ocrx_word' id='word_1_120' title='bbox 259 1661 489 1716; x_wconf 82' lang='lat' dir='ltr'><em>arro.“</em></span> <span class='ocrx_word' id='word_1_121' title='bbox 586 1654 878 1735; x_wconf 85' lang='lat' dir='ltr'><em>Itemque</em></span> <span class='ocrx_word' id='word_1_122' title='bbox 937 1655 1250 1716; x_wconf 86' lang='lat' dir='ltr'><em>Minucius</em></span> <span class='ocrx_word' id='word_1_123' title='bbox 1291 1655 1478 1717; x_wconf 83' lang='lat' dir='ltr'><em>Felix</em></span> <span class='ocrx_word' id='word_1_124' title='bbox 1525 1655 1594 1717; x_wconf 93' lang='lat' dir='ltr'><em>in</em></span> <span class='ocrx_word' id='word_1_125' title='bbox 1638 1653 1861 1718; x_wconf 87' lang='lat' dir='ltr'><em>Octav.</em></span> <span class='ocrx_word' id='word_1_126' title='bbox 1907 1676 1960 1717; x_wconf 90' lang='lat' dir='ltr'><em>c.</em></span> <span class='ocrx_word' id='word_1_127' title='bbox 1994 1658 2099 1716; x_wconf 86' lang='lat'><em>22.</em></span> 
     </span>
     <span class='ocr_line' id='line_1_17' title="bbox 188 1753 2104 1839; baseline -0.001 -23"><span class='ocrx_word' id='word_1_128' title='bbox 188 1779 254 1839; x_wconf 79' lang='lat' dir='ltr'><em>p.</em></span> <span class='ocrx_word' id='word_1_129' title='bbox 287 1754 432 1816; x_wconf 90' lang='lat'>150.</span> <span class='ocrx_word' id='word_1_130' title='bbox 477 1754 578 1815; x_wconf 85' lang='lat' dir='ltr'><em>ed.</em></span> <span class='ocrx_word' id='word_1_131' title='bbox 622 1753 890 1815; x_wconf 66' lang='lat' dir='ltr'><em>Limhn:</em></span> <span class='ocrx_word' id='word_1_132' title='bbox 958 1753 1138 1828; x_wconf 82' lang='lat' dir='ltr'><em>„Scit</em></span> <span class='ocrx_word' id='word_1_133' title='bbox 1179 1755 1301 1815; x_wconf 81' lang='lat' dir='ltr'><em>hoc</em></span> <span class='ocrx_word' id='word_1_134' title='bbox 1343 1756 1563 1837; x_wconf 79' lang='lat' dir='ltr'><em>Nepos</em></span> <span class='ocrx_word' id='word_1_135' title='bbox 1618 1764 1680 1816; x_wconf 87' lang='lat' dir='ltr'><em>et</em></span> <span class='ocrx_word' id='word_1_136' title='bbox 1727 1753 1990 1818; x_wconf 81' lang='lat' dir='ltr'><em>Cassius</em></span> <span class='ocrx_word' id='word_1_137' title='bbox 2030 1753 2104 1815; x_wconf 76' lang='lat' dir='ltr'><em>in</em></span> 
     </span>
     <span class='ocr_line' id='line_1_18' title="bbox 190 1852 2104 1937; baseline -0.001 -23"><span class='ocrx_word' id='word_1_138' title='bbox 190 1852 504 1927; x_wconf 81' lang='lat' dir='ltr'><em>historia,</em></span> <span class='ocrx_word' id='word_1_139' title='bbox 577 1862 637 1911; x_wconf 86' lang='lat' dir='ltr'><em>et</em></span> <span class='ocrx_word' id='word_1_140' title='bbox 703 1852 982 1913; x_wconf 80' lang='lat' dir='ltr'><em>Thallus</em></span> <span class='ocrx_word' id='word_1_141' title='bbox 1034 1863 1097 1914; x_wconf 89' lang='lat' dir='ltr'><em>et</em></span> <span class='ocrx_word' id='word_1_142' title='bbox 1137 1853 1473 1915; x_wconf 82' lang='lat' dir='ltr'><em>Diodorus</em></span> <span class='ocrx_word' id='word_1_143' title='bbox 1514 1854 1638 1914; x_wconf 79' lang='lat' dir='ltr'><em>hoc</em></span> <span class='ocrx_word' id='word_1_144' title='bbox 1678 1854 2104 1937; x_wconf 72' lang='lat' dir='ltr'><em>loquuntur.“</em></span> 
     </span>
     <span class='ocr_line' id='line_1_19' title="bbox 193 1950 2107 2036; baseline 0 -23"><span class='ocrx_word' id='word_1_145' title='bbox 193 1951 570 2013; x_wconf 86' lang='lat' dir='ltr'><em>Tertulliani</em></span> <span class='ocrx_word' id='word_1_146' title='bbox 621 1951 816 2035; x_wconf 87' lang='lat' dir='ltr'><em>igitur</em></span> <span class='ocrx_word' id='word_1_147' title='bbox 870 1952 1306 2014; x_wconf 89' lang='lat' dir='ltr'><em>auctoritatem</em></span> <span class='ocrx_word' id='word_1_148' title='bbox 1349 1959 1600 2015; x_wconf 84' lang='lat' dir='ltr'><em>secutus</em></span> <span class='ocrx_word' id='word_1_149' title='bbox 1641 1950 1935 2036; x_wconf 86' lang='lat' dir='ltr'><em>Maffejus</em></span> <span class='ocrx_word' id='word_1_150' title='bbox 1975 1951 2107 2013; x_wconf 89' lang='lat' dir='ltr'><em>Ve-</em></span> 
     </span>
     <span class='ocr_line' id='line_1_20' title="bbox 123 2050 2107 2134; baseline -0.001 -21"><span class='ocrx_word' id='word_1_151' title='bbox 123 2085 126 2091; x_wconf 90' lang='lat'>·</span> <span class='ocrx_word' id='word_1_152' title='bbox 194 2051 455 2114; x_wconf 86' lang='lat' dir='ltr'><em>ronensi</em></span> <span class='ocrx_word' id='word_1_153' title='bbox 496 2051 590 2112; x_wconf 90' lang='lat' dir='ltr'><em>illi</em></span> <span class='ocrx_word' id='word_1_154' title='bbox 636 2052 806 2134; x_wconf 76' lang='lat' dir='ltr'><em>apud</em></span> <span class='ocrx_word' id='word_1_155' title='bbox 847 2050 1122 2115; x_wconf 88' lang='lat' dir='ltr'><em>Plinium</em></span> <span class='ocrx_word' id='word_1_156' title='bbox 1158 2054 1237 2114; x_wconf 91' lang='lat' dir='ltr'><em>T.</em></span> <span class='ocrx_word' id='word_1_157' title='bbox 1270 2053 1483 2115; x_wconf 85' lang='lat' dir='ltr'><em>Cassio</em></span> <span class='ocrx_word' id='word_1_158' title='bbox 1526 2052 1696 2113; x_wconf 85' lang='lat' dir='ltr'><em>haud</em></span> <span class='ocrx_word' id='word_1_159' title='bbox 1739 2057 2107 2113; x_wconf 82' lang='lat' dir='ltr'><em>cunctanter</em></span> 
     </span>
     <span class='ocr_line' id='line_1_21' title="bbox 193 2150 2108 2234; baseline 0 -22"><span class='ocrx_word' id='word_1_160' title='bbox 193 2152 415 2213; x_wconf 89' lang='lat' dir='ltr'><em>tribuit</em></span> <span class='ocrx_word' id='word_1_161' title='bbox 458 2171 805 2234; x_wconf 87' lang='lat' dir='ltr'><em>cognomen</em></span> <span class='ocrx_word' id='word_1_162' title='bbox 847 2151 1103 2227; x_wconf 85' lang='lat' dir='ltr'><em>Severi,</em></span> <span class='ocrx_word' id='word_1_163' title='bbox 1157 2158 1500 2234; x_wconf 82' lang='lat' dir='ltr'><em>praeeunte</em></span> <span class='ocrx_word' id='word_1_164' title='bbox 1544 2151 1812 2213; x_wconf 90' lang='lat' dir='ltr'><em>Cellario</em></span> <span class='ocrx_word' id='word_1_165' title='bbox 1856 2151 1937 2212; x_wconf 86' lang='lat' dir='ltr'><em>ad</em></span> <span class='ocrx_word' id='word_1_166' title='bbox 1979 2150 2108 2212; x_wconf 86' lang='lat' dir='ltr'><em>La·-</em></span> 
     </span>
     <span class='ocr_line' id='line_1_22' title="bbox 197 2250 2108 2333; baseline -0.003 -19"><span class='ocrx_word' id='word_1_167' title='bbox 197 2252 410 2315; x_wconf 88' lang='lat' dir='ltr'><em>ctantii</em></span> <span class='ocrx_word' id='word_1_168' title='bbox 474 2251 686 2313; x_wconf 90' lang='lat' dir='ltr'><em>locum</em></span> <span class='ocrx_word' id='word_1_169' title='bbox 745 2251 846 2312; x_wconf 88' lang='lat' dir='ltr'><em>cit.</em></span> <span class='ocrx_word' id='word_1_170' title='bbox 907 2274 971 2333; x_wconf 82' lang='lat' dir='ltr'><em>p.</em></span> <span class='ocrx_word' id='word_1_171' title='bbox 1015 2253 1123 2313; x_wconf 84' lang='lat'><em>88.</em></span> <span class='ocrx_word' id='word_1_172' title='bbox 1182 2253 1282 2313; x_wconf 88' lang='lat' dir='ltr'><em>ed.</em></span> <span class='ocrx_word' id='word_1_173' title='bbox 1341 2253 1500 2312; x_wconf 86' lang='lat' dir='ltr'><em>Biin.</em></span> <span class='ocrx_word' id='word_1_174' title='bbox 1613 2250 1728 2330; x_wconf 88' lang='lat' dir='ltr'><em>Et,</em></span> <span class='ocrx_word' id='word_1_175' title='bbox 1804 2250 2108 2332; x_wconf 90' lang='lat' dir='ltr'><em>quoniam</em></span> 
     </span>
     <span class='ocr_line' id='line_1_23' title="bbox 197 2350 2110 2429; baseline 0 -19"><span class='ocrx_word' id='word_1_176' title='bbox 197 2350 507 2412; x_wconf 88' lang='lat' dir='ltr'><em>Minucius</em></span> <span class='ocrx_word' id='word_1_177' title='bbox 553 2350 739 2411; x_wconf 82' lang='lat' dir='ltr'><em>Felix</em></span> <span class='ocrx_word' id='word_1_178' title='bbox 773 2350 970 2412; x_wconf 83' lang='lat' dir='ltr'><em>Cassii</em></span> <span class='ocrx_word' id='word_1_179' title='bbox 1011 2350 1340 2413; x_wconf 84' lang='lat' dir='ltr'><em>historiam</em></span> <span class='ocrx_word' id='word_1_180' title='bbox 1355 2395 1376 2429; x_wconf 88' lang='lat'>‚</span> <span class='ocrx_word' id='word_1_181' title='bbox 1419 2372 1554 2412; x_wconf 90' lang='lat' dir='ltr'><em>non</em></span> <span class='ocrx_word' id='word_1_182' title='bbox 1596 2350 1850 2411; x_wconf 89' lang='lat' dir='ltr'><em>annales</em></span> <span class='ocrx_word' id='word_1_183' title='bbox 1865 2394 1886 2428; x_wconf 89' lang='lat'>,</span> <span class='ocrx_word' id='word_1_184' title='bbox 1933 2369 2110 2410; x_wconf 91' lang='lat' dir='ltr'><em>com-</em></span> 
     </span>
     <span class='ocr_line' id='line_1_24' title="bbox 197 2449 2112 2532; baseline 0 -22"><span class='ocrx_word' id='word_1_185' title='bbox 197 2449 676 2528; x_wconf 85' lang='lat' dir='ltr'><em>memoraverit,</em></span> <span class='ocrx_word' id='word_1_186' title='bbox 746 2470 1138 2532; x_wconf 87' lang='lat' dir='ltr'><em>consequens</em></span> <span class='ocrx_word' id='word_1_187' title='bbox 1193 2471 1334 2513; x_wconf 87' lang='lat' dir='ltr'><em>esse</em></span> <span class='ocrx_word' id='word_1_188' title='bbox 1388 2450 1511 2526; x_wconf 85' lang='lat' dir='ltr'><em>ait,</em></span> <span class='ocrx_word' id='word_1_189' title='bbox 1582 2455 1654 2510; x_wconf 90' lang='lat' dir='ltr'><em>ut</em></span> <span class='ocrx_word' id='word_1_190' title='bbox 1711 2449 1818 2512; x_wconf 92' lang='lat' dir='ltr'><em>hic</em></span> <span class='ocrx_word' id='word_1_191' title='bbox 1862 2449 2112 2530; x_wconf 73' lang='lat' dir='ltr'><em>Cassius</em></span> 
     </span>
     <span class='ocr_line' id='line_1_25' title="bbox 201 2548 2112 2634; baseline 0 -25"><span class='ocrx_word' id='word_1_192' title='bbox 201 2556 560 2610; x_wconf 85' lang='lat' dir='ltr'><em>secernatur</em></span> <span class='ocrx_word' id='word_1_193' title='bbox 602 2571 638 2611; x_wconf 94' lang='lat' dir='ltr'><em>a</em></span> <span class='ocrx_word' id='word_1_194' title='bbox 667 2551 1027 2634; x_wconf 87' lang='lat' dir='ltr'><em>cognomini</em></span> <span class='ocrx_word' id='word_1_195' title='bbox 1071 2551 1407 2615; x_wconf 86' lang='lat' dir='ltr'><em>Annalium</em></span> <span class='ocrx_word' id='word_1_196' title='bbox 1439 2549 1769 2631; x_wconf 85' lang='lat' dir='ltr'><em>scriptore.</em></span> <span class='ocrx_word' id='word_1_197' title='bbox 1854 2548 1931 2609; x_wconf 88' lang='lat' dir='ltr'><em>Id</em></span> <span class='ocrx_word' id='word_1_198' title='bbox 1962 2568 2112 2610; x_wconf 87' lang='lat' dir='ltr'><em>sane</em></span> 
     </span>
     <span class='ocr_line' id='line_1_26' title="bbox 202 2648 2113 2733; baseline 0 -26"><span class='ocrx_word' id='word_1_199' title='bbox 202 2655 493 2733; x_wconf 86' lang='lat' dir='ltr'><em>apertum</em></span> <span class='ocrx_word' id='word_1_200' title='bbox 553 2655 647 2717; x_wconf 80' lang='lat' dir='ltr'><em>est</em></span> <span class='ocrx_word' id='word_1_201' title='bbox 665 2694 682 2726; x_wconf 89' lang='lat'>,</span> <span class='ocrx_word' id='word_1_202' title='bbox 741 2650 1091 2712; x_wconf 89' lang='lat' dir='ltr'><em>Minucium</em></span> <span class='ocrx_word' id='word_1_203' title='bbox 1147 2651 1424 2712; x_wconf 90' lang='lat' dir='ltr'><em>Felicem</em></span> <span class='ocrx_word' id='word_1_204' title='bbox 1483 2655 1548 2710; x_wconf 90' lang='lat' dir='ltr'><em>et</em></span> <span class='ocrx_word' id='word_1_205' title='bbox 1590 2648 1988 2710; x_wconf 87' lang='lat' dir='ltr'><em>Lactantium</em></span> <span class='ocrx_word' id='word_1_206' title='bbox 2032 2648 2113 2707; x_wconf 75' lang='lat' dir='ltr'><em>(le</em></span> 
     </span>
     <span class='ocr_line' id='line_1_27' title="bbox 204 2745 2115 2834; baseline -0.002 -26"><span class='ocrx_word' id='word_1_207' title='bbox 204 2748 432 2808; x_wconf 89' lang='lat' dir='ltr'><em>eodem</em></span> <span class='ocrx_word' id='word_1_208' title='bbox 485 2748 662 2829; x_wconf 85' lang='lat' dir='ltr'><em>loqui</em></span> <span class='ocrx_word' id='word_1_209' title='bbox 720 2748 968 2827; x_wconf 86' lang='lat' dir='ltr'><em>Cassio,</em></span> <span class='ocrx_word' id='word_1_210' title='bbox 1042 2748 1221 2834; x_wconf 84' lang='lat' dir='ltr'><em>cujus</em></span> <span class='ocrx_word' id='word_1_211' title='bbox 1278 2749 1642 2811; x_wconf 84' lang='lat' dir='ltr'><em>testimonio</em></span> <span class='ocrx_word' id='word_1_212' title='bbox 1699 2753 1908 2808; x_wconf 87' lang='lat' dir='ltr'><em>utatur</em></span> <span class='ocrx_word' id='word_1_213' title='bbox 1949 2745 2115 2806; x_wconf 89' lang='lat' dir='ltr'><em>Ter-</em></span> 
     </span>
     <span class='ocr_line' id='line_1_28' title="bbox 207 2846 2115 2931; baseline 0 -26"><span class='ocrx_word' id='word_1_214' title='bbox 207 2846 523 2908; x_wconf 85' lang='lat' dir='ltr'><em>tullianus.</em></span> <span class='ocrx_word' id='word_1_215' title='bbox 611 2849 773 2925; x_wconf 78' lang='lat' dir='ltr'><em>Quid</em></span> <span class='ocrx_word' id='word_1_216' title='bbox 789 2893 809 2926; x_wconf 90' lang='lat'><strong>,</strong></span> <span class='ocrx_word' id='word_1_217' title='bbox 877 2851 1049 2931; x_wconf 86' lang='lat' dir='ltr'><em>quod</em></span> <span class='ocrx_word' id='word_1_218' title='bbox 1092 2849 1392 2911; x_wconf 87' lang='lat' dir='ltr'><em>credibile</em></span> <span class='ocrx_word' id='word_1_219' title='bbox 1435 2854 1562 2924; x_wconf 84' lang='lat' dir='ltr'><em>est,</em></span> <span class='ocrx_word' id='word_1_220' title='bbox 1622 2853 1963 2927; x_wconf 88' lang='lat' dir='ltr'><em>utrumque</em></span> <span class='ocrx_word' id='word_1_221' title='bbox 2000 2866 2115 2905; x_wconf 87' lang='lat' dir='ltr'><em>sua</em></span> 
     </span>
     <span class='ocr_line' id='line_1_29' title="bbox 203 2935 2118 3028; baseline 0 -24"><span class='ocrx_word' id='word_1_222' title='bbox 203 2935 547 3027; x_wconf 82' lang='lat' dir='ltr'><em>smnpsisse</em></span> <span class='ocrx_word' id='word_1_223' title='bbox 605 2947 685 3008; x_wconf 87' lang='lat' dir='ltr'><em>ab</em></span> <span class='ocrx_word' id='word_1_224' title='bbox 729 2969 859 3009; x_wconf 89' lang='lat' dir='ltr'><em>uno</em></span> <span class='ocrx_word' id='word_1_225' title='bbox 905 2949 1304 3010; x_wconf 86' lang='lat' dir='ltr'><em>Tertulliano</em></span> <span class='ocrx_word' id='word_1_226' title='bbox 1322 2994 1343 3028; x_wconf 87' lang='lat'>‚</span> <span class='ocrx_word' id='word_1_227' title='bbox 1403 2948 1662 3010; x_wconf 88' lang='lat' dir='ltr'><em>homine</em></span> <span class='ocrx_word' id='word_1_228' title='bbox 1704 2947 2008 3028; x_wconf 87' lang='lat' dir='ltr'><em>perdocto</em></span> <span class='ocrx_word' id='word_1_229' title='bbox 2051 2952 2118 3005; x_wconf 89' lang='lat' dir='ltr'><em>et</em></span> 
     </span>
     <span class='ocr_line' id='line_1_30' title="bbox 210 3045 2183 3129; baseline -0.002 -25"><span class='ocrx_word' id='word_1_230' title='bbox 210 3045 599 3127; x_wconf 81' lang='lat' dir='ltr'><em>antiquitatis</em></span> <span class='ocrx_word' id='word_1_231' title='bbox 675 3046 975 3129; x_wconf 85' lang='lat' dir='ltr'><em>profanae</em></span> <span class='ocrx_word' id='word_1_232' title='bbox 1046 3049 1482 3110; x_wconf 88' lang='lat' dir='ltr'><em>scientissimo.</em></span> <span class='ocrx_word' id='word_1_233' title='bbox 1594 3045 1792 3128; x_wconf 83' lang='lat' dir='ltr'><em>Atqui</em></span> <span class='ocrx_word' id='word_1_234' title='bbox 1843 3050 2117 3124; x_wconf 89' lang='lat' dir='ltr'><em>uterque</em></span> <span class='ocrx_word' id='word_1_235' title='bbox 2179 3097 2183 3100; x_wconf 90' lang='lat'>.</span> 
     </span>
     <span class='ocr_line' id='line_1_31' title="bbox 210 3143 2115 3231; baseline -0.003 -26"><span class='ocrx_word' id='word_1_236' title='bbox 210 3144 404 3205; x_wconf 86' lang='lat' dir='ltr'><em>istum</em></span> <span class='ocrx_word' id='word_1_237' title='bbox 434 3144 750 3222; x_wconf 86' lang='lat' dir='ltr'><em>Cassium,</em></span> <span class='ocrx_word' id='word_1_238' title='bbox 797 3147 1030 3208; x_wconf 84' lang='lat' dir='ltr'><em>omisso</em></span> <span class='ocrx_word' id='word_1_239' title='bbox 1062 3147 1282 3208; x_wconf 88' lang='lat' dir='ltr'><em>Severi</em></span> <span class='ocrx_word' id='word_1_240' title='bbox 1306 3147 1711 3231; x_wconf 79' lang='lat' dir='ltr'><em>cognomine,</em></span> <span class='ocrx_word' id='word_1_241' title='bbox 1753 3143 2115 3227; x_wconf 80' lang='lat' dir='ltr'><em>proferunt:</em></span> 
     </span>
     <span class='ocr_line' id='line_1_32' title="bbox 216 3243 2119 3331; baseline 0.001 -30"><span class='ocrx_word' id='word_1_242' title='bbox 216 3243 282 3302; x_wconf 81' lang='lat' dir='ltr'><em>id</em></span> <span class='ocrx_word' id='word_1_243' title='bbox 328 3246 501 3324; x_wconf 83' lang='lat' dir='ltr'><em>quod</em></span> <span class='ocrx_word' id='word_1_244' title='bbox 548 3246 811 3307; x_wconf 87' lang='lat' dir='ltr'><em>minime</em></span> <span class='ocrx_word' id='word_1_245' title='bbox 867 3266 1013 3306; x_wconf 86' lang='lat' dir='ltr'><em>casu</em></span> <span class='ocrx_word' id='word_1_246' title='bbox 1069 3253 1176 3307; x_wconf 89' lang='lat' dir='ltr'><em>aut</em></span> <span class='ocrx_word' id='word_1_247' title='bbox 1216 3247 1586 3331; x_wconf 88' lang='lat' dir='ltr'><em>negligentia</em></span> <span class='ocrx_word' id='word_1_248' title='bbox 1628 3246 1840 3327; x_wconf 86' lang='lat' dir='ltr'><em>aliqua</em></span> <span class='ocrx_word' id='word_1_249' title='bbox 1879 3243 2119 3304; x_wconf 82' lang='lat' dir='ltr'><em>factum</em></span> 
     </span>
     <span class='ocr_line' id='line_1_33' title="bbox 216 3343 2120 3424; baseline -0.001 -22"><span class='ocrx_word' id='word_1_250' title='bbox 216 3362 355 3403; x_wconf 86' lang='lat' dir='ltr'><em>esse</em></span> <span class='ocrx_word' id='word_1_251' title='bbox 409 3351 585 3424; x_wconf 79' lang='lat' dir='ltr'><em>puto,</em></span> <span class='ocrx_word' id='word_1_252' title='bbox 689 3346 890 3422; x_wconf 75' lang='lat' dir='ltr'><em>Quam</em></span> <span class='ocrx_word' id='word_1_253' title='bbox 949 3346 1031 3406; x_wconf 89' lang='lat' dir='ltr'><em>ob</em></span> <span class='ocrx_word' id='word_1_254' title='bbox 1087 3368 1226 3407; x_wconf 89' lang='lat' dir='ltr'><em>rem</em></span> <span class='ocrx_word' id='word_1_255' title='bbox 1278 3368 1412 3407; x_wconf 89' lang='lat' dir='ltr'><em>non</em></span> <span class='ocrx_word' id='word_1_256' title='bbox 1471 3365 1631 3408; x_wconf 84' lang='lat' dir='ltr'><em>vana</em></span> <span class='ocrx_word' id='word_1_257' title='bbox 1673 3345 1832 3407; x_wconf 89' lang='lat' dir='ltr'><em>mihi</em></span> <span class='ocrx_word' id='word_1_258' title='bbox 1873 3343 2120 3406; x_wconf 85' lang='lat' dir='ltr'><em>videtur</em></span> 
     </span>
    </p>
   </div>
   <div class='ocr_carea' id='block_1_3' title="bbox 223 3492 558 3502">
    <p class='ocr_par' dir='ltr' id='par_1_3' title="bbox 223 3492 558 3502">
     <span class='ocr_line' id='line_1_34' title="bbox 223 3492 558 3502; baseline 0.018 -6"><span class='ocrx_word' id='word_1_259' title='bbox 223 3492 558 3502; x_wconf 34' lang='lat' dir='ltr'><em>&gt;manvu—...m</em></span> 
     </span>
    </p>
   </div>
   <div class='ocr_carea' id='block_1_4' title="bbox 366 3539 1853 3639">
    <p class='ocr_par' dir='ltr' id='par_1_4' title="bbox 366 3539 1853 3639">
     <span class='ocr_line' id='line_1_35' title="bbox 366 3539 1853 3639; baseline 0.003 -20"><span class='ocrx_word' id='word_1_260' title='bbox 366 3574 422 3633; x_wconf 85' lang='lat'><em>3)</em></span> <span class='ocrx_word' id='word_1_261' title='bbox 465 3571 639 3622; x_wconf 77' lang='lat' dir='ltr'><em>Confer</em></span> <span class='ocrx_word' id='word_1_262' title='bbox 675 3573 909 3623; x_wconf 72' lang='lat' dir='ltr'><em>Lobeckii</em></span> <span class='ocrx_word' id='word_1_263' title='bbox 946 3571 1267 3637; x_wconf 79' lang='lat' dir='ltr'><em>Aglaopham.</em></span> <span class='ocrx_word' id='word_1_264' title='bbox 1305 3575 1446 3626; x_wconf 87' lang='lat' dir='ltr'><em>Tom.</em></span> <span class='ocrx_word' id='word_1_265' title='bbox 1478 3573 1545 3626; x_wconf 86' lang='grc' dir='ltr'><em>Π.</em></span> <span class='ocrx_word' id='word_1_266' title='bbox 1585 3595 1632 3639; x_wconf 87' lang='lat' dir='ltr'><em>p.</em></span> <span class='ocrx_word' id='word_1_267' title='bbox 1672 3578 1792 3626; x_wconf 78' lang='lat'><strong>999.</strong></span> <span class='ocrx_word' id='word_1_268' title='bbox 1849 3539 1853 3542; x_wconf 88' lang='lat'><em>-</em></span> 
     </span>
    </p>
   </div>
  </div>
 </body>
</html>
