2236 3932
168 2444 170 2447 .
252 2383 423 2446 Atys,
478 2380 735 2444 Phrygius.

252 160 379 226 384

317 313 572 366 Moschum
592 315 828 364 rhetorem
841 349 856 375 ,
886 313 1001 362 item
1019 327 1162 361 vene·

317 388 415 436 ficii
439 405 571 437 reum
609 414 682 421 —
710 390 831 434 311.
868 411 938 422 --
975 383 1162 445 quando

317 457 507 508 Moschi
539 473 752 506 caussam
776 456 928 518 egerit
953 481 1022 491 —
1039 460 1162 504 312.

317 531 544 592 quamdiu
573 528 743 575 vixerit
770 552 838 562 --
861 531 950 577 71.

245 601 391 661 Atia,
430 617 525 648 non
558 598 723 658 Attia,
761 606 914 645 mater
951 593 1164 659 Augusti

317 698 388 709 -·-
427 679 512 723 10.

230 742 413 794 'Attius
442 739 641 800 Varus,
689 736 745 787 Ρ.
761 774 776 797 ,
827 735 1163 799 Pompeianus.

316 813 437 875 Ejus
467 813 563 860 fata
588 821 638 859 et
663 827 740 858 res
770 809 898 859 bello
926 810 1055 859 civili
1082 827 1165 872 ge-

314 894 416 940 stae
448 911 508 920 —
543 888 642 932 129
661 899 736 944 sq.

240 953 412 1006 Attius
475 951 640 1002 Varus
651 988 671 1013 ,
739 951 802 1017 Q.
821 988 837 1015 ‚
891 953 1167 1016 appellatur

315 1029 458 1076 etiam
499 1024 709 1094 Quintus
750 1021 925 1073 Varus
965 1053 1026 1062 -
1078 1031 1164 1074 16.

320 1103 442 1149 123.
483 1125 554 1136 --
591 1096 780 1144 videtur
809 1094 1014 1159 Syronis
1050 1094 1166 1158 Epi-

317 1170 448 1218 curei
480 1167 727 1228 disciplina
754 1183 868 1215 usus
890 1176 937 1216 et
966 1169 1167 1216 commi-

317 1243 406 1291 lito
433 1238 634 1301 Virgilii
657 1239 806 1286 fuisse
832 1265 901 1274 —-
927 1244 1015 1289 27.
1044 1244 1164 1288 127.

317 1338 387 1351 -—
413 1311 681 1372 praefectus
699 1311 910 1371 equitum
931 1318 979 1358 et
996 1326 1166 1371 perpe-

317 1392 428 1431 tuus
456 1384 663 1443 partium
678 1378 1066 1429 Ga'esarianarum
1091 1397 1166 1428 as·
1208 1400 1212 1403 ·

315 1463 524 1504 sectator
540 1479 610 1490 —
634 1459 658 1502 1
670 1457 734 1502 23
753 1469 826 1514 sq.
842 1482 910 1492 —
926 1461 1033 1514 post
1046 1449 1167 1501 Cae-

275 1539 282 1549 “
320 1527 442 1575 saris
486 1524 677 1573 caedem
718 1525 767 1571 in
815 1518 1166 1572 triumvirorum

318 1597 533 1659 partibus
561 1597 655 1643 fnit
680 1603 728 1643 et
752 1592 938 1644 Galliae
957 1603 1170 1657 transpa-

240 1718 245 1723 ,
321 1669 473 1716 danae
514 1666 779 1732 praefectus
822 1675 896 1715 est
933 1691 1006 1703 -
1047 1670 1167 1716 124.

322 1746 444 1789 128.
479 1767 539 1776 --
573 1739 732 1800 ibique
760 1738 880 1786 bene
905 1739 1081 1786 meruit
1110 1737 1170 1786 de

321 1809 538 1874 Virgilio
584 1837 647 1846 -
695 1806 819 1857 ibid.
879 1838 948 1846 —
1001 1810 1082 1870 qui
1124 1811 1170 1857 ei

319 1880 491 1944 Eclog.
529 1878 625 1929 Vl.
683 1881 927 1941 inscripsit
969 1907 1027 1917 --
1083 1885 1167 1929 27.

324 1959 422 2003 123
441 1970 516 2014 sq.
547 1979 620 1988 —
643 1952 880 2000 interiecit
903 1955 1039 2011 iussu
1062 1950 1170 2002 Au-

319 2027 448 2088 gusti
489 2022 708 2072 Gassium
755 2021 1064 2072 Parmensem
1105 2053 1169 2062 —

323 2103 476 2158 80sq.
512 2100 717 2146 129.—
746 2092 1026 2158 Thyestem,
1055 2091 1172 2143 Cas-

322 2169 384 2216 sii
423 2167 711 2230 tragoediam
728 2201 744 2228 ‚
787 2166 914 2214 futrto
943 2167 1035 2215 sibi
1063 2168 1174 2214 vin-

323 2239 529 2288 dicatam
571 2256 657 2288 suo
700 2239 889 2286 nomine
925 2237 1073 2286 edidit
1104 2264 1173 2273 —

326 2316 394 2361 82
428 2327 503 2372 sq.

826 2378 948 2442 Ejus
1002 2398 1176 2430 nomen

326 2456 456 2503 varie
483 2454 704 2501 scribitur
732 2477 802 2488 —
835 2459 919 2502 10.

253 2524 560 2576 Auctumnus
570 2522 889 2572 Romanorum
907 2553 968 2561 -
988 2529 1016 2574 3
1025 2530 1049 2573 1
1059 2530 1088 2573 6
1100 2541 1173 2584 sq.

254 2595 485 2647 Aufidius
511 2594 722 2654 Bassus,
763 2596 876 2644 belli
906 2594 1177 2644 Germanici

326 2671 533 2729 scriptor
554 2694 625 2702 —
642 2670 762 2715 144.
795 2695 856 2704 -—
883 2669 1002 2715 vixit
1026 2677 1178 2716 aetate

328 2737 496 2788 Ovidii
515 2736 715 2786 -ibid.
734 2765 804 2773 --
824 2738 884 2787 de
911 2742 1016 2799 ejus
1040 2756 1177 2800 prae-

326 2813 518 2859 nomine
560 2837 622 2846 —
669 2807 792 2859 ibid.
823 2836 889 2846 —
933 2828 1027 2857 non
1067 2827 1178 2858 cou-

323 2880 596 2932 fundendus
625 2898 728 2928 cum
759 2880 863 2930 filio
887 2908 956 2932 —.-
982 2880 1103 2929 ibid.

256 2952 489 3003 Aufidius
507 2950 708 3013 Bassus,
739 2952 867 3002 filius
890 2953 1177 3015 praeceden-

219 3078 223 3080 ,
255 3050 259 3052 ’
329 3028 391 3074 tis
422 3052 482 3063 ·—-
516 3029 638 3072 144.

258 3095 540 3160 Augustus,
579 3092 784 3156 Caesar,
823 3114 915 3157 quo
942 3096 1019 3144 die
1043 3105 1182 3144 natus

330 3194 403 3206 --·
443 3173 567 3216 316.
607 3194 676 3204 -—
721 3164 822 3214 dies
864 3171 970 3228 ejus
1008 3169 1181 3216 natalis

330 3240 520 3301 publice
560 3237 825 3286 celebratus
860 3267 920 3275 -
956 3245 1075 3289 318.
1110 3266 1181 3274 —

330 3310 496 3360 habuit
523 3308 639 3356 duas
664 3325 873 3370 sorores,
904 3310 1069 3358 multis
1086 3312 1182 3358 vir-

331 3383 512 3431 tutibus
542 3380 780 3441 praeditas
810 3405 882 3416 —
908 3385 1029 3430 349.
1062 3386 1185 3431 354.

333 3480 406 3488 -—
433 3468 625 3500 suorum
646 3451 736 3498 fuit
752 3453 1102 3501 amantissimus
1118 3480 1186 3488 --

336 3528 458 3574 354.
479 3528 600 3571 356.
619 3546 688 3558 —-
715 3521 889 3570 Juliam
911 3522 1058 3570 filiam
1078 3522 1184 3572 Au-

316 3595 482 3659 tyno,
510 3590 588 3643 Μ.
610 3590 812 3642 Antonii
837 3593 956 3656 filio,
983 3594 1183 3656 despon-

1007 157 1446 216 nunex-

1296 311 1368 360 dit
1401 340 1460 350 -
1494 319 1616 364 259.
1637 285 1844 364 342.-
1866 331 1950 363 cur
1964 313 2141 364 Juliam

1294 383 1579 446 relegaverit
1624 415 1683 422 —-
1730 392 1832 436 358
1848 403 1952 447 sqq.
1983 413 2049 423 —
2093 389 2139 435 ei

1298 454 1580 516 desponsata
1607 466 1679 504 est
1698 455 1916 519 Claudia,
1943 456 2142 506 Fulviae

1297 525 1401 574 filia
1431 555 1494 563 —
1514 531 1635 576 341.
1670 557 1732 565 --
1760 527 1836 576 Μ.
1855 527 2068 576 Antonio
2094 530 2143 576 in
2224 512 2230 518 ἱ

1298 599 1645 647 matrimonium
1708 598 1840 651 dedit
1894 597 2143 648 Octaviam

1299 671 1552 730 majorem,
1605 687 1821 719 sororem
1868 687 2144 733 germanam

1301 743 1404 789 349
1431 756 1535 802 sqq.
1569 767 1640 778 —
1672 759 1756 790 cur
1781 740 2022 790 Thurinus
2058 759 2145 803 per

1300 812 1632 860 contumeliam
1651 823 1841 870 vocatus
1871 815 1934 860 sit
1960 814 2018 860 ab
2039 811 2144 860 An-

1298 884 1429 930 tonio
1461 891 1538 920 —'
1557 889 1676 932 290.
1703 912 1765 921 —
1797 885 2143 947 ignobilitatem

1302 954 1347 1001 ei
1375 954 1679 1014 exprobravit
1702 953 1944 1004 Antonius
1968 958 2018 1003 in
2045 956 2145 1016 epi-

1299 1026 1440 1074 stolis
1463 1053 1525 1062 -
1546 1028 1649 1075 284
1662 1042 1766 1086 sqq.
1794 1051 1862 1061 ——
1885 1031 1938 1074 et*
1950 1024 2145 1074 Cassius

1302 1092 1575 1145 Parmensis
1616 1098 1664 1144 in
1702 1097 1903 1157 epistola
1939 1123 2010 1131 ——
2043 1102 2141 1147 283

1299 1183 1405 1228 sqq.
1424 1193 1496 1204 —
1516 1169 1596 1229 qui
1618 1184 1726 1215 eum
1754 1170 1892 1216 etiam
1913 1169 2146 1230 epigram·

1300 1241 1442 1287 matis
1464 1240 1699 1300 petivisse
1729 1238 1918 1287 videtur
1950 1266 2012 1276 —-
2045 1242 2144 1288 275

1301 1326 1410 1371 sqq.
1435 1335 1505 1346 -—
1536 1309 1723 1372 quando
1750 1310 1978 1358 famosam
2008 1312 2145 1357 istam

1304 1375 1499 1428 δώδεκα
1542 1382 1680 1430 θεῶν
1729 1398 1952 1443 coenam,
2006 1397 2146 1442 quam

1302 1450 1560 1501 Suetonius
1598 1462 1933 1501 commemorat
1968 1470 2009 1500 c.
2037 1457 2146 1513 70.‚

1302 1525 1558 1572 instituerit
1579 1550 1650 1585 ἐ
1671 1530 1770 1574 276
1786 1541 1858 1585 sq.
1876 1550 1943 1560 —
1963 1540 2083 1585 quae
2102 1524 2147 1570 ei

1302 1595 1543 1643 infamiam
1567 1596 1724 1643 intulit
1759 1623 1820 1632 -
1848 1601 1966 1645 281.
2001 1623 2058 1631 —
2099 1587 2148 1641 'et

1303 1667 1362 1714 ab
1404 1665 1620 1715 Antonio
1664 1665 1994 1715 Alexandriae
2039 1682 2147 1713 ver-

1304 1747 1437 1787 sante
1464 1772 1466 1775 ·
1498 1746 1546 1787 et
1606 1755 1634 1786 a
1685 1735 1852 1786 Cassio
1902 1735 2147 1785 Parmensi

1303 1809 1516 1857 traducta
1557 1818 1630 1858 est
1671 1837 1733 1847 -
1779 1814 1901 1860 277.
1941 1828 2006 1847 -υ
2044 1815 2150 1869 post

1303 1898 1510 1943 pugnam
1539 1879 1787 1929 Actiacam
1813 1878 2030 1928 Athenas
2064 1895 2150 1927 na-

1303 1954 1482 2014 vigavit
1515 1982 1586 1990 —
1624 1957 1745 2002 257.
1788 1979 1849 1990 --
1899 1969 1962 2000 ex
1999 1948 2149 1998 Grae-

1305 2025 1376 2072 cia
1415 2025 1466 2071 in
1506 2023 1678 2071 Asiam
1718 2025 1898 2083 trajecit
1934 2032 1982 2070 et
2019 2019 2149 2070 Sami

1305 2094 1567 2143 hibernavit
1592 2125 1661 2132 —
1686 2092 1807 2142 ibid.
1841 2094 1950 2142 iude
1978 2095 2026 2141 in
2049 2091 2149 2140 Ita-

1307 2167 1419 2214 liam
1438 2167 1675 2228 prosectus
1695 2174 1743 2214 et
1767 2167 1960 2228 triginta
1983 2164 2149 2212 diebus

1307 2246 1415 2300 post
1446 2239 1494 2285 in
1523 2238 1695 2286 Asiam
1726 2254 1945 2286 reversus
1983 2246 2054 2284 est
2079 2260 2149 2269 —

1310 2315 1414 2360 257
1427 2326 1500 2371 sq.
1525 2337 1587 2346 —
1617 2326 1859 2357 reversum
1889 2325 1995 2356 eum
2022 2306 2151 2354 adie-

1309 2389 1418 2430 runt
1442 2382 1588 2443 legati
1613 2381 1671 2428 ab
1698 2378 1910 2427 Antonio
1940 2388 1986 2426 et
2011 2375 2151 2426 Cleo-

1311 2462 1442 2514 patra
1460 2453 1591 2500 missi
1607 2477 1672 2488 —
1694 2457 1796 2501 258
1807 2469 1910 2512 sqq.
1926 2449 2151 2511 —legati

1311 2535 1384 2572 ter
1422 2527 1537 2582 (non
1567 2523 1739 2582 semel)
1781 2522 1839 2569 ad
1875 2519 2152 2583 Augustum

1311 2597 1482 2643 frustra
1510 2597 1639 2642 missi
1660 2620 1724 2630 —
1744 2592 1961 2642 ibid..—
1985 2592 2154 2640 occidit

1311 2669 1360 2715 in
1390 2667 1546 2715 insula
1577 2663 1646 2714 Co
1671 2662 1726 2714 P.
1761 2663 2061 2725 Turullium,
2096 2663 2154 2709 ab

1314 2737 1524 2786 Antonio
1557 2739 1646 2786 sibi
1677 2737 1902 2784 traditum
1931 2765 2000 2772 —
2031 2740 2150 2783 260.

1317 2838 1380 2847 ——
1402 2827 1464 2858 ex
1480 2810 1643 2858 liberis
1657 2807 1856 2856 Anton'ii
1877 2807 2031 2856 solum
2050 2803 2154 2852 An-

1313 2881 1488 2945 tyllum
1521 2880 1687 2928 occidit
1719 2908 1771 2916 —
1797 2885 1916 2928 356.
1946 2905 2005 2914 -
2035 2877 2154 2924 alios

1314 2953 1544 3001 benevole
1578 2952 1892 2999 tractavit—
1926 2947 2047 2996 ibid.
2084 2975 2156 2985 ·——

1317 3041 1342 3072 a
1381 3025 1556 3072 teneris
1593 3025 1725 3070 annis
1757 3024 1993 3083 gratiosus
2031 3019 2155 3080 apud

1316 3113 1425 3144 eum
1439 3097 1529 3143 fuit
1542 3093 1571 3143 J
1575 3095 1680 3142 ulus
1695 3091 1931 3141 Antonius
1949 3119 2016 3127 —
2035 3096 2154 3140 357.

1319 3173 1438 3217 369.
1467 3196 1529 3204 -
1562 3183 1701 3227 quem
1731 3163 1789 3212 ad
1817 3163 2019 3212 honores
2050 3180 2157 3210 eve-

1316 3241 1389 3286 xit
1411 3265 1481 3274 -—
1498 3243 1617 3288 357.
1641 3265 1698 3276 --
1718 3252 1949 3296 suumque
1965 3234 2156 3282 affinem

1319 3310 1425 3358 fieri
1456 3326 1622 3372 passus
1652 3318 1723 3356 est
1750 3334 1820 3343 —·
1857 3311 1958 3356 356
1982 3323 2054 3366 sq.
2088 3331 2156 3340 --

1322 3382 1435 3442 quid
1473 3399 1581 3429 eum
1614 3380 1857 3440 impulerit
1884 3378 1941 3424 ad
1970 3377 2157 3437 suppli-

1322 3456 1450 3500 cium
1484 3454 1542 3500 ab
1575 3450 1687 3499 Julo
1718 3450 1928 3497 Antonio
1968 3464 2157 3496 sumen-

1321 3525 1432 3571 dum
1461 3549 1528 3559 -·
1559 3529 1659 3572 358
1676 3540 1784 3583 sqq.
1814 3546 1884 3556 —
1920 3523 2022 3579 ejus
2052 3517 2157 3564 red-

1321 3597 1416 3642 itus
1461 3612 1523 3642 ex
1558 3591 1843 3653 Germania,
1900 3588 2055 3636 Gallia
2111 3599 2158 3635 et
