2236 3932
290 128 412 190 342
837 148 920 187 nn
971 145 1194 187 cAsslo
1227 142 1602 187 'PARMENSL

287 283 538 347 nomine
592 286 683 344 M.
727 279 1060 344 Antonius
1117 280 1353 357 dictuS‚
1411 282 1599 364 vulgo
1655 301 1691 342 a
1747 284 2167 364 scriptoribus,

289 381 655 462 praesertim
698 378 951 442 Graecis
964 422 983 453 ‚
1027 377 1287 458 Antyllc'
1324 380 1578 442 nomine
1622 390 2169 443 commemoratur.

291 480 384 556 Is,
427 479 466 541 J
469 481 591 540 ulio
623 479 884 539 Caesare
912 475 1243 537 interfecto
1258 521 1278 553 ,
1321 498 1480 558 puer
1522 479 1790 539 tenellus
1834 482 2173 541 admodum

291 579 476 639 obses
522 580 701 637 datus
745 581 842 635 est
882 575 962 634 M.
1007 575 1199 634 Bruto
1245 582 1310 634 et
1354 575 1423 636 C.
1471 575 1712 654 Cassio,
1755 577 1822 636 in
1867 577 2173 657 Capitolio

293 677 705 747 latitantihuS,
752 680 972 753 estque
1012 693 1171 753 puer
1211 673 1331 732 iste
1373 675 1596 735 nobilis
1634 676 1722 735 M.
1752 676 2174 736 Bambalionis

294 795 524 854 nepos,
586 792 779 853 quem
833 771 1193 853 perstringit
1247 771 1464 832 Cicero
1518 774 1785 856 Philipp.
1829 774 1914 833 II.
1971 794 2026 835 c.
2071 775 2176 834 36.

295 873 448 933 Inde
491 891 528 931 a
569 870 801 931 teneris
843 869 1086 931 videtur
1126 870 1316 950 patris
1359 875 1560 930 castra
1602 879 1846 933 secutus
1890 893 2062 934 esse:
2118 872 2179 932 ei

296 989 493 1051 puero
535 968 803 1030 vixdum
843 967 1120 1029 novenni
1152 968 1376 1028 Caesar
1406 966 1785 1032 Octavianus
1828 971 2178 1051 desponde—

296 1069 406 1128 bat
447 1066 484 1128 J
487 1067 672 1127 uliam
714 1066 935 1143 filiam,
994 1088 1119 1146 quo
1172 1065 1413 1127 firmior
1453 1067 1774 1129 videretur
1813 1070 1976 1129 male
2019 1075 2180 1130 sarta

299 1166 557 1227 Tarenti
588 1186 754 1227 amlo
785 1166 859 1226 U.
894 1165 962 1225 C.
994 1167 1138 1225 717.
1177 1165 1342 1226 inter
1382 1171 1719 1247 utrumque
1749 1167 2182 1229 Triumvirum

298 1266 528 1348 gratia:
572 1287 635 1327 V.
680 1264 961 1326 Suetonii
1002 1263 1164 1346 Aug.
1209 1285 1262 1325 c.
1301 1266 1404 1325 63.
1447 1265 1600 1345 ihiq.
1643 1264 1850 1347 Intpp.
1895 1300 1980 1311 --
2038 1266 2183 1327 Ale-

300 1365 606 1426 xandriae
661 1383 804 1424 cum
859 1368 1039 1444 patre
1096 1369 1514 1424 conmoratus
1555 1365 1854 1447 magistro
1898 1387 2046 1427 usus
2088 1374 2184 1427 est

300 1462 664 1545 Euphronio
680 1507 699 1540 ,
755 1467 824 1521 ut
865 1462 1158 1522 discimus
1202 1481 1289 1522 ex
1329 1462 1664 1524 Plutarcho
1707 1483 1762 1524 c.
1806 1465 1911 1526 73.
1996 1465 2186 1525 Pater

304 1554 400 1623 ex'
460 1582 670 1644 pugna
742 1561 990 1621 Actiaca
1059 1561 1508 1621 Alexandriam
1574 1582 1897 1640 reversuS,
1973 1570 2185 1646 togam

302 1661 553 1729 virilem
610 1660 783 1727 dedit
838 1659 1085 1738 Antyllo
1148 1665 1214 1719 et
1271 1659 1623 1722 Caesarioni
1636 1705 1659 1736 ,
1692 1661 1863 1724 Julii
1907 1663 2187 1724 Caesaris

305 1765 371 1821 et
415 1760 777 1839 Cleopatrae
817 1757 980 1835 filio,
1037 1759 1103 1818 ‘lv'
1140 1762 1199 1818 οἵ
1240 1785 1294 1818 τε
1338 1761 1676 1838 Αἰγύπτιοι,
1727 1761 1801 1833 ὡς
1850 1766 1942 1822 καὶ
1991 1762 2189 1838 ἀνδρός

304 1876 451 1920 τινος
499 1851 603 1928 ἤδη
650 1855 1036 1924 βασιλεύοντος
1084 1857 1263 1930 σφῶν,
1316 1862 1762 1931 προθυμηθῶσι,
1811 1859 1905 1914 καὶ
1942 1856 1996 1915 οἶ
2032 1853 2192 1914 ἄλλοι

307 1940 622 2014 προστάτας
667 1937 903 2005 saeuas,
955 1934 1022 1994 ‹³322›
1066 1940 1128 2012 γέ
1175 1961 1230 1995 τι
1278 1941 1454 1996 δεινὸν
1499 1941 1662 2016 σφίσι
1710 1946 1924 2018 συμβῇ,
1979 1941 2190 2012 ἔχοντες

308 2029 734 2108 καρτερήσωσιν,
779 2033 852 2087 ut
894 2028 981 2088 ait
1021 2029 1142 2089 Dio
1189 2029 1356 2090 Cass.
1388 2029 1566 2090 Libr.
1597 2031 1703 2092 LI.
1750 2053 1803 2098 c.
1835 2033 1891 2093 6.
1923 2032 1998 2092 cl.
2041 2031 2190 2090 Plu-

307 2127 507 2188 tarch.
554 2147 608 2187 c.
655 2129 757 2187 72.
855 2127 947 2187 Ea
990 2133 1197 2189 autem
1239 2149 1340 2189 res
1383 2129 1635 2212 utrique
1679 2130 2053 2192 acceleravit
2092 2131 2192 2190 in-

309 2227 602 2288 teritum:
666 2245 814 2286 nam
872 2226 1099 2287 Caesar
1153 2225 1529 2289 Octavianus
1584 2249 1800 2290 mense
1857 2229 2085 2290 Sextili
2136 2250 2192 2290 a.

309 2326 384 2387 U.
431 2325 499 2386 C.
544 2325 688 2386 724.
745 2325 1194 2386 Alexandriam
1247 2327 1449 2388 victor
1502 2327 1819 2408 ingressus
1872 2327 2196 2406 Antyllum

311 2443 594 2507 quoque,
639 2443 675 2484 a
705 2423 1044 2485 Theodoro
1074 2425 1430 2508 paedagogo
1463 2426 1821 2507 proditum,
1866 2427 2093 2488 sacello
2137 2434 2198 2488 et

312 2523 643 2585 simulacro
686 2523 763 2583 D.
802 2521 1110 2600 CaesariS,
1155 2525 1232 2583 ad
1278 2526 1450 2605 quod
1490 2530 1635 2606 post
1675 2526 1903 2602 multas
1945 2532 2010 2588 et
2049 2527 2198 2587 irri-

312 2629 404 2683 tas
477 2641 694 2702 preces
761 2621 1154 2706 confugerat,
1231 2624 1562 2705 abreptum
1626 2624 1976 2685 interemit:
2063 2626 2195 2689 vid.

314 2718 573 2781 Sueton.
642 2739 697 2781 c.
760 2723 857 2782 17.
927 2722 1082 2802 ibiq.
1140 2721 1468 2783 BCrusius.
1580 2722 1750 2783 Puer
1816 2724 1936 2785 iste
2006 2745 2199 2805 quam

314 2824 560 2880 mature
617 2819 932 2880 exstiterit
988 2827 1286 2902 paternae
1355 2821 1645 2883 luxuriae
1717 2829 2198 2904 sumptuumque

317 2916 658 2980 effusorum
717 2919 1026 2996 aemulus,
1103 2926 1524 2989 contestantur
1600 2941 1675 2983 ea
1689 2965 1711 3000 ,
1782 2941 1947 3003 quae
2003 2922 2201 2983 relata

318 3018 585 3106 legimus
627 3019 795 3098 apud
836 3017 1238 3080 Plutarchum
1282 3040 1334 3082 c.
1372 3021 1479 3083 28.

486 3145 666 3206 Alter
690 3143 778 3211 Μ.
805 3143 1056 3206 Antonii
1098 3152 1160 3207 et
1185 3145 1234 3206 F
1237 3147 1444 3209 ulviae
1486 3145 1649 3214 filius
1689 3147 1807 3209 suit
1835 3149 2026 3209 Julus
2052 3146 2202 3209 An·-

321 3243 537 3306 tom‘us
548 3287 572 3320 ,
628 3245 708 3305 de
762 3264 889 3324 quo
931 3244 1127 3306 fusius
1170 3245 1272 3306 hic
1318 3246 1590 3308 scribere
1631 3247 2028 3308 instituimus.
2116 3248 2204 3313 Ac

320 3343 600 3425 primum
642 3342 896 3425 quidem
938 3346 1327 3409 monendum
1369 3350 1494 3423 est,
1540 3345 1725 3409 Viros
1756 3348 1971 3410 doctos
2010 3345 2204 3413 Vehe-

322 3447 568 3502 menter
624 3441 980 3518 dissentire,
1039 3442 1307 3506 fueritne
1352 3445 1459 3506 ille
1500 3445 1853 3513 nominatus
1894 3446 2083 3509 mbas
2125 3463 2204 3503 an

323 3535 580 3606 Julaem?
625 3540 884 3603 Codices
927 3542 1096 3603 enim
1126 3543 1498 3626 scriptorum
1530 3542 1918 3614 Graecorum}
1948 3541 2205 3610 Latmo-
