2236 3932
204 147 288 207 76
790 167 872 208 DE
917 168 978 218 1..
1020 168 1228 209 vAmo
1274 168 1515 208 rol-:TA-

166 343 171 346 -
206 305 587 367 collocarunt
627 301 820 363 Henr.
866 302 1221 383 Stephanus
1276 301 1345 360 in
1383 301 1435 360 F
1435 300 1632 384 ragm.
1674 303 1924 365 Poetar.
1965 303 2094 366 La-

202 406 318 464 tin.
361 426 426 485 p.
453 399 638 478 425„
682 401 832 459 Ant.
875 401 1122 460 Delrius
1166 399 1236 458 in
1278 398 1605 511 Syntagm.
1652 400 1840 484 Trag.
1882 401 2093 464 Latin.

199 503 271 562 P.
300 502 352 562 I.
396 525 458 583 p.
493 501 667 576 152„
711 500 876 558 Petr.
926 496 1276 558 Scriverius
1317 499 1386 557 in
1430 499 1838 560 Collectaneis
1881 500 2093 563 Veter.

203 601 451 684 Tragic.
510 621 576 680 p.
614 599 789 671 157.,
848 595 970 652 Th.
1013 593 1072 653 J.
1117 596 1196 653 ab
1240 595 1743 658 Almeloveenius
1795 598 1865 657 in
1919 597 2096 679 Opu-

203 700 390 760 sculis
436 694 841 776 (Amstelaed.
892 692 1107 770 1686.)
1163 716 1228 774 p.
1271 696 1412 754 182.
1472 701 1570 773 et,
1640 696 1751 777 qui
1808 697 2096 778 inprimis

201 797 554 879 diligentiae
595 793 778 852 laude
820 790 1090 866 eminet,
1135 791 1173 852 J
1175 813 1274 851 an
1305 793 1669 874 Rutgersius
1710 795 1780 855 in
1822 795 2094 857 Venusi-

198 916 423 956 narum
468 890 842 952 Lectionum
887 888 1036 970 Cap.
1065 890 1182 950 ΠΙ.
1225 913 1290 971 Ρ.
1323 888 1699 971 245—-52„
1757 914 1950 975 quem
1992 915 2095 954 se-

194 994 327 1054 cuti
362 997 506 1051 sunt
535 989 730 1048 Nicol.
763 987 1176 1069 Ciampittius,
1219 989 1434 1066 ItaluS,
1476 991 1818 1052 inPraefat.
1840 1014 1894 1053 c.
1924 994 2095 1074 apud

196 1090 520 1171 Kreyssig.
557 1109 626 1168 p.
663 1090 803 1146 127.
829 1109 969 1167 sqq.
1003 1094 1077 1148 et
1116 1088 1223 1150 Fr..
1249 1087 1326 1147 H.
1356 1089 1621 1149 Bothius
1662 1093 1731 1150 111
1757 1091 2094 1152 Poetarum

197 1190 385 1250 Scen.
415 1188 626 1248 Latin.
671 1185 813 1246 Vol.
847 1185 926 1245 V.
968 1185 1041 1245 P.
1063 1189 1151 1251 Ι1.,
1176 1209 1240 1267 p.
1274 1189 1420 1247 272.
1484 1188 1853 1250 Hostamen
1875 1211 2092 1252 omnes

195 1291 249 1350 si
294 1289 517 1348 dixero
562 1306 638 1346 ea
678 1287 748 1345 in
789 1306 862 1346 re
903 1285 993 1344 ita
1034 1292 1315 1348 versatos
1361 1306 1532 1364 esse,
1576 1292 1651 1347 ut
1690 1287 1862 1347 haud
1894 1310 2096 1369 pauca

193 1387 564 1467 reliquerint
604 1385 708 1447 vel
750 1385 1036 1444 addenda
1079 1387 1180 1447 vel
1223 1386 1650 1462 emendanda,
1693 1408 1828 1456 non
1869 1409 2097 1450 veren-

194 1490 350 1548 dum
392 1485 553 1545 mihi
595 1484 716 1544 erit
730 1527 749 1560 ‚
821 1503 905 1544 ne
955 1483 1024 1542 in
1067 1485 1490 1566 suspicionem.
1526 1506 1759 1566 pravae
1802 1488 2097 1570 ambitio-

193 1588 292 1647 nis
350 1591 457 1646 aut
509 1584 821 1666 malignae
877 1583 1340 1645 obtrectationis
1394 1584 1946 1665 reprehensionem
1993 1587 2096 1647 in-

197 1706 467 1748 curram.
1186 1739 1187 1742 ,

365 1783 403 1845 J
406 1805 507 1843 am
530 1798 696 1842 ‘cum
749 1780 1089 1861 probabilis
1135 1780 1532 1866 conjecturae
1575 1783 1742 1844 viam
1782 1785 2095 1865 persecuti

197 1881 830 1962 demonstraverimus
843 1924 863 1956 ‚
946 1879 1026 1940 L.
1094 1881 1379 1942 Varium.
1430 1883 1707 1961 Thyeste
1778 1885 2096 1966 tragoedia

195 1982 472 2046 effecisse
487 2026 508 2058 ‚
566 1987 634 2040 ut
675 1980 931 2062 insignis
947 2024 968 2056 ‚
1030 2001 1221 2061 quam
1264 1983 1456 2062 epicis
1502 1983 1881 2043 carminibus
1924 1984 2094 2064 apud

194 2083 484 2163 aequales
527 2080 647 2140 sibi
676 2090 1036 2160 pepererat,
1080 2082 1278 2163 gloria
1319 2083 1485 2162 apud
1525 2087 1815 2162 posteros
1858 2102 2096 2163 prope-

195 2183 455 2256 modum
512 2185 646 2239 tota
721 2187 1152 2255 evanesceret3
1226 2181 1440 2241 licebit
1503 2181 1685 2242 nobis
1744 2182 2095 2241 carminum

194 2279 332 2364 ejus
389 2280 736 2362 fragmenta
794 2279 899 2339 hic
955 2280 1466 2360 percensentibus
1533 2280 1612 2340 ab
1687 2281 1926 2341 eximio
1982 2281 2093 2341 illo

190 2400 388 2461 opere
405 2424 425 2457 ,
471 2379 642 2459 quod
684 2378 943 2458 quidem
986 2380 1265 2439 omnium
1305 2377 1439 2462 ejus
1467 2385 1824 2460 poematum
1851 2385 2096 2460 postre-

84 2499 86 2501 ·
194 2500 372 2540 11111111
426 2477 620 2538 fuisse
662 2478 1100 2558 probavimus,
1157 2478 1407 2539 initium
1442 2471 1678 2540 facere.
1769 2477 2094 2559 :Accedunt

194 2580 315 2640 alia
328 2623 348 2656 ‚
410 2598 570 2659 quae
613 2578 930 2638 inversum
972 2582 1046 2636 ut
1088 2598 1424 2658 sequamur
1453 2579 1750 2659 temporis
1783 2579 2092 2656 ordinem,

196 2680 476 2741 suadent.
562 2676 731 2737 Nan}
761 2676 1033 2736 mirabili
1076 2679 1350 2757 quadam
1392 2677 1503 2737 fati
1526 2678 1851 2758 iniquitate
1882 2678 2092 2738 nescio

197 2779 405 2839 dicam
462 2797 544 2836 an
599 2776 873 2837 ludibrio
942 2777 1202 2854 accidit,
1275 2783 1345 2837 ut
1397 2776 1476 2836 L.
1530 2777 1756 2837 Varius
1812 2773 2094 2858 ejusdem

191 2878 360 2938 illius
395 2876 711 2954 Thyestae
726 2918 748 2951 ‚
792 2895 951 2954 quae
993 2881 1235 2938 tantam
1265 2877 1549 2938 omnium
1572 2877 1798 2941 tulerat
1822 2876 2094 2951 laudem,

196 2976 555 3059 tragoediae
614 2980 828 3034 auctor
884 2997 1015 3036 non
1068 2975 1404 3038 inhonesta
1459 2981 1735 3052 tantum,
1804 2975 1915 3036 sed
1956 2994 2095 3034 sce-

195 3077 355 3136 lesta
399 3074 590 3135 etiam
631 3073 735 3135 via
793 3093 865 3134 ac
923 3074 1167 3135 ratione
1209 3074 1407 3135 factus
1452 3095 1588 3135 esse
1630 3075 2093 3156 perhiberetur.

198 3173 388 3258 Cujus
432 3173 693 3254 quidem
748 3172 847 3232 rei
899 3171 1055 3232 fides
1100 3193 1242 3233 eam
1283 3174 1502 3233 habuit
1545 3174 1704 3250 vim,
1761 3179 1832 3234 ut
1873 3174 2095 3232 lauda-

195 3275 474 3335 tissimus
516 3273 624 3333 ille
666 3277 854 3353 poeta
894 3271 1107 3331 locum
1147 3271 1460 3335 inveniret
1500 3273 1569 3332 in
1610 3271 2096 3352 Plagiariorum

197 3374 453 3454 Syllaba
512 3372 678 3454 apud
736 3371 1282 3432 Almeloveenium
1336 3372 1406 3431 in
1464 3370 1794 3453 Opusculis
1849 3370 2094 3452 p.194.

195 3472 356 3534 Nam
399 3477 646 3533 veteres
682 3469 1089 3550 Grammatici
1131 3471 1390 3550 quidam
1429 3473 1770 3533 memoriae
1812 3470 2091 3545 tradunt,

197 3571 428 3649 fuisse,
492 3571 602 3653 qui
657 3569 1211 3631 celebratissimam
1266 3570 1437 3632 illam
1481 3571 1867 3654 tragoediam
1909 3573 2013 3628 aut
2054 3587 2093 3628 a
