2236 3932
229 141 350 204 158
825 164 907 203 DE
954 165 1012 203 1..
1044 164 1248 205 vAmo
1296 164 1534 208 POETA.

213 318 488 360 nensem
549 299 861 362 amicitiae
920 299 1073 381 quid
1129 300 1381 362 dedisse
1426 302 1506 362 in
1562 299 2127 367 commemorandis

222 399 427 480 poetis
478 401 845 481 aequalibus
861 440 882 477 9
953 418 1230 479 quorum
1299 400 1600 482 pristinae
1658 404 2127 464 consuetudinis

219 498 584 561 vehementi
627 497 937 559 desiderio
981 499 1166 571 exsul
1207 505 1551 561 teneretur.
1651 502 1971 583 Quidquid
2015 510 2128 581 est,

222 598 599 660 G.Ba1'·thius
640 598 723 658 in>
745 596 1007 657 AdverS.
1039 597 1215 658 Libr.
1242 596 1577 660 XXXVII.
1620 610 1680 663 c.
1710 603 1812 663 10.
1853 625 1920 683 p.
1943 604 2131 663 1689.

213 704 393 760 recte
435 694 654 780 rejecit
697 694 946 756 Codicis
989 695 1139 756 Msti
1192 697 1562 761 lectionem:
1618 700 1969 783 magnique
2008 704 2133 761 Sa-

221 797 449 859 bellius
506 793 661 855 ori-5.
757 794 1235 875 Impudicorum
1288 818 1590 884 versuum
1644 802 1916 882 scriptor
1929 845 1949 879 ,
2007 804 2133 860 Sa-

226 898 427 976 bellus
484 894 744 975 quidam
758 938 780 972 ,
853 903 1244 958 memoratur
1312 918 1352 958 a
1407 899 1693 962 Martiale
1748 900 1927 962 Libr.
1982 900 2131 961 XII.

223 997 438 1078 Epigr.
485 994 594 1055 43.
667 1001 729 1056 et
797 996 1023 1055 eadem
1091 1003 1293 1058 aetate
1349 998 1432 1058 L.
1488 1000 1762 1061 Porcius
1817 1002 2132 1074 Sabellus,

224 1094 538 1157 Duumvir
555 1137 575 1170 ‚
636 1094 704 1154 in
758 1093 1044 1175 Inscript.
1101 1116 1200 1178 ap.
1246 1096 1498 1159 Gruter.
1541 1121 1607 1180 p.
1653 1100 1988 1161 CCXLIII.
2033 1101 2131 1173 6.;

222 1215 460 1257 nomen
502 1192 769 1254 sabellii
804 1214 1150 1275 nusquam,
1195 1198 1368 1277 quod
1410 1198 1604 1258 sciam
1622 1242 1642 1275 ,
1686 1200 2028 1262 invenitur.
2045 1233 2134 1246 ·--

226 1295 537 1382 Gyraldus
552 1337 573 1371 ,
651 1293 960 1370 Crinims,
1034 1294 1113 1356 G.
1156 1296 1215 1358 J.
1257 1296 1545 1374 Vossius,
1604 1299 1958 1376 HarlesiuS,
2030 1298 2135 1358 alii

222 1413 610 1477 praenomen
687 1391 848 1471 Gaji
912 1394 1194 1454 tribuunt
1254 1395 1532 1465 Rabirio
1550 1421 1571 1458 .-
1622 1395 1830 1481 .cujus
1899 1398 2135 1461 veteris

222 1495 544 1576 scriptoris
569 1492 933 1554 auctoritate
948 1536 969 1569 ‚
1011 1494 1246 1572 nescio,
1292 1501 1358 1555 et
1386 1493 1693 1580 Apuleius
1723 1499 1804 1559 de
1835 1496 2135 1581 Orthogr.

223 1603 275 1668 ᾧ.
310 1598 409 1656 10.
427 1638 448 1672 ,
502 1594 615 1654 ubi
679 1594 746 1655 G.
789 1590 1108 1654 Rabirius
1149 1602 1534 1656 memoratus
1575 1596 1931 1682 invenitur,
1995 1605 2135 1658 tum

225 1695 486 1755 demmn
541 1694 610 1753 in
663 1692 920 1753 testium
976 1707 1314 1756 numerum
1370 1696 1659 1777 procedit
1669 1740 1690 1773 ‚
1751 1698 1804 1758 si
1847 1704 2136 1759 auctores

211 1791 484 1877 alicujus
527 1793 622 1854 rei
666 1795 918 1852 exstant
963 1798 1031 1853 et
1072 1793 1456 1874 antiquiores
1501 1801 1564 1856 et
1604 1796 2068 1879 locupletiores·

210 1928 223 1934 -1
368 1892 822 1955 Gravissimus
890 1891 970 1952 de
1028 1888 1285 1955 Rabirio
1342 1895 1516 1955 testis
1583 1902 1681 1956 est
1740 1895 1983 1958 Seneca
2056 1897 2137 1957 de

211 1992 447 2054 Benef.
496 1992 673 2052 Libr.
704 1988 811 2053 vl.
857 2012 913 2052 c.
940 1991 1004 2052 3.
1048 1992 1361 2092 „Egregie
1403 1995 1561 2055 mihi
1601 1996 1855 2058 videtur
1889 1996 1976 2056 M.
2009 1994 2139 2055 An-

207 2093 432 2154 ··tonius
476 2093 644 2173 apud
687 2092 1015 2153 Rabirium
1042 2100 1300 2174 poetam
1315 2137 1334 2169 ‚
1381 2115 1579 2174 quum
1609 2093 1926 2156 fortunam
1958 2115 2138 2156 suam

214 2198 652 2253 transeuntem
687 2193 809 2253 alio
853 2192 1100 2270 videat,
1147 2200 1213 2253 et
1254 2194 1374 2253 sibi
1401 2194 1559 2253 nihil
1586 2195 1906 2270 relictum,
1950 2215 2139 2276 prae-

212 2299 326 2352 *ter
378 2289 477 2375 jus
530 2292 785 2370 mortis,
842 2293 914 2353 id
954 2308 1213 2374 quoque
1274 2294 1326 2353 si
1372 2294 1500 2354 cito
1524 2295 1971 2376 occupaverit,
2018 2315 2137 2355 ex-

209 2392 502 2454 ·clamare
517 2416 535 2453 ε

525 2494 693 2571 Hoc*
714 2493 921 2554 habeo
933 2536 955 2569 ,
1001 2494 1424 2577 quodcunque
1466 2494 1622 2555 dedi
1635 2495 1659 2556 l
1745 2504 1749 2510 ’

213 2590 287 2654 :0
343 2599 651 2674 quantum
703 2593 942 2655 habere
1000 2593 1240 2675 potuit,
1318 2595 1372 2654 si
1416 2594 1747 2657 voluisset!
1808 2595 1944 2655 Hae
1989 2601 2137 2654 sunt

212 2693 488 2756 ·=divitiae
547 2700 787 2772 certae,
846 2695 914 2754 in
971 2709 1362 2777 quacimque
1399 2692 1584 2755 sortis
1627 2693 1953 2755 humanae,
1979 2693 2141 2755 levi-

211 2813 218 2843 ί
230 2799 359 2871 tate
401 2808 533 2854 uno
574 2794 717 2854 loco
759 2807 1240 2874 permansurae:
1306 2814 1472 2874 quae
1514 2814 1644 2874 quo
1687 2789 1969 2876 majores
1991 2793 2141 2853 fite-

231 2894 393 2972 rint,
445 2892 569 2960 hoc
612 2892 924 2954 minorem
967 2893 1292 2954 habebunt
1333 2893 1701 2955 invidiarn'.“
1919 2878 1924 2883 ⁸

301 3012 305 3017 ·
337 3028 341 3033 ·
397 2993 566 3054 *Illud
605 2992 1083 3054 hemistichiiun-
1119 2982 1318 3075 quum
1361 2992 1521 3073 epici
1568 2993 1650 3052 sit
1692 2990 1971 3075 generis9
2027 2991 2141 3052 Li-

210 3096 419 3179 psius
450 3094 533 3155 ad·
552 3091 637 3152 ὴ.
652 3092 714 3152 1.
750 3089 1136 3174 suspicatur,
1178 3104 1219 3154 'a
1246 3092 1526 3153 Rabirio
1549 3092 1957 3153 hella’civica
1997 3104 2142 3153 ver-

219 3198 413 3258 sibus
434 3183 712 3260 hereici's
743 3192 1054 3274 descripta
1085 3184 1247 3254 esse.
1309 3191 1388 3256 G.
1420 3188 1483 3253 J.
1508 3190 1763 3252 Vossius
1792 3193 1872 3251 de
1887 3191 2140 3252 Hister.

214 3296 381 3362 Lat.
424 3294 604 3355 Libr.
622 3291 690 3353 Ι
735 3311 790 3353 e.
826 3291 933 3351 21.
978 3298 1046 3351 et
1103 3293 1184 3353 d'e
1226 3293 1406 3352 Poet.
1450 3289 1595 3351 Lat.
1642 3311 1697 3351 c.
1729 3293 1806 3351 2.
1863 3290 1981 3351 ob
2003 3308 2140 3349 ma-

212 3416 486 3479 gnum
451 3439 470 3472 ‚
538 3383 712 3475 quod
744 3391 1012 3452 Rabirio
1067 3393 1364 3452 tribuitur
1417 3391 1496 3450 ab
1542 3388 1770 3451 Ovidio
1832 3404 1903 3450 os
1947 3394 2013 3448 et
2052 3383 2139 3447 M.

241 3483 496 3557 Antonii
563 3485 991 3556 mentionem
1009 3492 1259 3567 statuit,
1331 3496 1625 3551 tractasse
1697 3500 1846 3548 'eum
1892 3487 2140 3546 bellum

211 3595 626 3657 Actiacum.a
654 3593 778 3658 In
831 3590 1043 3653 Vossii
1095 3591 1478 3651 sententiam
1524 3588 1762 3649 tramiit
1796 3586 2140 3668 Rupertius
