2236 3932
240 93 366 152 250
820 112 902 152 DE
948 111 1170 177 cnssm
1218 112 1582 152 PARM‘ENSI.

237 246 420 328 paulo
464 253 607 328 post
647 267 924 329 pugnam
964 247 1312 321 Actiacam,
1384 253 1446 307 et
1504 246 1780 310 Cassium
1821 248 2126 311 Parmen-

239 366 409 422 sem,
479 352 805 426 praesente
860 343 1118 403 Athenis
1179 343 1440 407 Caesare
1507 344 1886 425 Octaviano,
1945 346 2126 432 jugu-

237 446 434 505 latum
478 465 634 504 esse.
726 442 995 503 Obiisset
1036 442 1225 523 igitur
1265 445 1381 504 sub
1410 444 1602 505 finem
1627 447 1773 504 anni
1800 448 1872 508 U.
1895 446 2125 509 C.723.

236 544 318 604 At
370 544 518 603 huic
575 541 921 602 sententiae
977 544 1380 627 quantumyis
1438 545 1741 604 nonnulla
1782 545 1849 605 in
1889 545 2128 607 Valerii

236 643 495 702 Maximi
555 641 912 699 narratione
955 624 1738 720 patrocinari-rideantur,
1782 650 1876 704 tot
1918 651 2129 706 tamen

235 764 307 804 ac
375 746 585 801 tantae
660 739 1064 799 adversantur
1123 739 1512 802 difficultates
1577 763 1663 803 ex
1721 763 1934 803 rerum
1991 750 2126 803 tmn

235 847 550 925 gestarum
610 838 828 898 ordine
885 845 1107 913 natae,
1177 846 1251 898 ut
1305 860 1625 903 assensum
1681 864 1795 903 nos
1838 849 2127 924 oporteat

239 940 550 1001 cohibere.

1084 1104 1134 1168 ᾗ.
1183 1095 1285 1155 13.

402 1236 829 1300 Memorabilis
889 1237 1230 1297 admodum
1287 1238 1406 1300 hac
1447 1239 1512 1298 in
1558 1259 1774 1300 caussa
1817 1247 1909 1302 est
1947 1241 2126 1302 locus

233 1337 458 1421 Velleji
500 1339 741 1398 Patere.
785 1337 960 1396 Libr.
989 1336 1074 1395 Π.
1121 1357 1174 1396 c.
1204 1339 1306 1397 88.
1351 1346 1400 1411 §.
1438 1339 1529 1397 1.:
1573 1338 1904 1415 „Ultimus
1932 1376 2015 1384 —
2043 1363 2127 1399 ex

232 1437 753 1519 interfectoribus
802 1435 1134 1510 Caesaris,
1196 1435 1570 1497 Parmensis
1619 1436 1879 1499 Cassius
1921 1450 2126 1499 morte

221 1560 476 1621 poenas
505 1535 704 1610 dedit,
748 1545 823 1594 ut
856 1535 1121 1595 dederat
1139 1535 1398 1618 primus
1437 1535 1790 1597 Trebonius
1806 1537 1950 1615 ³⁷).“
2006 1540 2124 1615 Qui

231 1638 488 1719 quidem
542 1637 716 1696 locus
771 1656 967 1714 quum
1023 1635 1092 1694 in
1137 1635 1627 1703 controversiam
1673 1635 1751 1695 sit
1795 1637 2122 1716 deductus,

229 1758 443 1798 meum
498 1755 633 1796 esse
691 1733 991 1809 arbitror,
1057 1733 1286 1817 Velleji
1327 1734 1519 1794 fidem
1563 1740 1626 1793 et
1671 1737 2122 1814 auctoritatem,

229 1837 283 1896 si
340 1855 463 1916 qua
531 1840 788 1915 poterO,
862 1832 1201 1894 defendere
1268 1854 1340 1894 ac
1412 1833 1707 1892 stabilire.
1822 1834 1899 1894 ld
1967 1856 2124 1896 vero

229 1940 462 2017 quanta
517 1933 865 2014 poterimus
919 1934 1202 1993 maxima
1275 1954 1419 1994 cum
1489 1953 1638 1992 cura
1696 1939 1761 1992 et
1818 1933 2123 1995 industria

229 2054 504 2118 agemus.

397 2133 476 2193 In
530 2131 770 2194 Julium
832 2129 1165 2191 Caesarem
1207 2131 1629 2211 conspiratum
1672 2151 1807 2191 esse
1854 2151 1890 2190 a
1934 2151 2123 2191 sexa-

228 2235 399 2318 ginta
441 2233 710 2313 amplius
754 2232 943 2308 viriS,
1004 2229 1071 2290 C.
1119 2230 1331 2290 Cassio
1374 2229 1714 2310 Marcoque
1758 2235 1819 2290 et
1859 2230 2121 2292 Decimo

226 2335 421 2394 Bruto
477 2328 864 2413 principibus
923 2330 1438 2410 conspirationis,
1480 2325 1713 2390 ¹auctor
1755 2335 1849 2391 est
1894 2329 2120 2390 Sueto-

227 2435 368 2494 nius
414 2454 466 2494 c.
498 2435 600 2494 80.
702 2431 807 2492 Ex
848 2431 970 2491 illis
1010 2430 1313 2510 perpauci
1355 2434 1598 2489 tantum
1641 2429 1897 2491 nomine
1939 2429 2122 2489 nobis

223 2533 648 2594 innotuerunt.
737 2531 859 2607 Qui
900 2531 1065 2611 apud
1111 2529 1479 2590 Ciceronem
1512 2529 1780 2609 Philipp.
1811 2527 1895 2588 H.
1942 2549 1994 2589 c.
2020 2529 2119 2588 ll.

225 2654 400 2714 sqq.‚
472 2631 830 2711 Appianum
889 2631 968 2692 de
1023 2632 1095 2689 B.
1151 2629 1218 2690 C.
1274 2629 1451 2690 Libr.
1480 2627 1562 2688 II.
1610 2649 1662 2689 c.
1699 2628 1838 2688 112.
1875 2649 2011 2709 sqq.
2055 2633 2120 2688 et

225 2733 497 2793 Dionem
551 2730 721 2790 Cass.
778 2728 953 2790 Libr.
996 2729 1227 2790 XLIV.
1287 2750 1338 2790 c.
1375 2730 1476 2789 14.
1522 2733 2116 2804 commemorantur,

227 2853 450 2894 eorum
490 2829 764 2890 indicem
807 2828 1073 2890 confecit
1118 2828 1519 2889 Casaubonus
1547 2827 1615 2886 in
1641 2825 1993 2887 Comment.
2039 2827 2117 2886 ad

216 2918 492 2991 *Sueton.
523 2928 667 2990 Vol.
685 2927 799 2988 III.
831 2950 894 3009 p.
915 2931 1061 2989 212.
1082 2949 1173 3009 sq.
1206 2929 1304 2989 ed.
1331 2926 1461 2987 Wf.
1548 2926 1711 2987 Eum
1753 2924 1857 2986 hic
1901 2945 2116 2986 emen-

227 3028 529 3089 datiorem
569 3026 1045 3109 plenioremque
1090 3028 1410 3088 dabimus:

368 3262 457 3316 37)
494 3255 699 3319 Recepi,
740 3256 937 3306 sublatis
974 3259 1134 3319 uncis,
1173 3257 1380 3305 divinam
1415 3271 1607 3318 prorsus
1643 3251 1766 3302 ‘Aldi
1794 3253 2000 3316 ‘Nepotis
2036 3263 2115 3302 aut

221 3327 422 3379 Puteani
474 3332 789 3391 conjecturam
826 3331 1052 3391 primus,
1120 3329 1244 3391 quod
1296 3328 1487 3391 quidem
1538 3326 1734 3376 verbum
1783 3344 1809 3375 a
1857 3325 2032 3377 Codice
2068 3333 2115 3373 et

222 3398 350 3449 Edit.
389 3419 465 3464 pr.
503 3402 652 3450 abest.
740 3400 876 3450 Hanc
926 3400 1300 3450 emendationem
1330 3398 1644 3449 Ruhnkenius
1675 3414 1787 3446 vere
1824 3401 1984 3465 statuit
2018 3405 2111 3444 tam

225 3481 400 3521 certam
448 3481 497 3522 et
547 3474 843 3537 perspicuam
889 3486 1030 3534 esse,
1093 3481 1146 3520 ut
1194 3474 1298 3523 sine
1346 3481 1541 3535 stupore
1591 3470 1673 3520 vix
1719 3469 1921 3518 dubitari
1970 3482 2111 3531 posse

224 3543 452 3595 videatur.
