2236 3932
247 158 374 220 260
813 177 895 218 DE
942 175 1167 218 cAssm
1206 174 1571 216 PARMENsn

248 319 428 395 patra
470 313 551 374 ad
587 312 947 374 Taenarum
990 311 1249 392 appulso
1278 311 1675 387 nuntiarent,
1720 311 1982 373 classem
2009 331 2147 374 esse

249 412 674 497 profligatam,
735 413 846 471 sed
907 416 1238 471 terrestres
1296 411 1505 492 copias
1550 410 1836 470 arbitrari
1879 431 1947 472 se
1993 433 2146 472 con-

249 518 433 572 stare.
523 511 681 570 Cum
723 510 1000 569 Antonio
1045 510 1113 568 in
1153 510 1516 591 Aegyptum
1558 530 1644 570 ex
1688 511 1860 570 clade
1895 511 2145 571 Actiaca

249 630 541 674 reversus
601 615 661 669 et
717 609 1197 668 familiarissime
1242 606 1643 690 conjunctus,
1682 616 1894 669 tamen
1911 653 1930 685 ,
2003 630 2147 670 cum

249 712 480 772 iterum
523 708 714 790 legati
771 707 1204 783 mitterentur,
1272 708 1349 766 ab
1409 728 1486 768 eo
1503 753 1521 784 ‚
1596 709 1663 768 in
1721 705 1898 790 cujus
1953 707 2146 768 fidem

250 817 313 872 et
389 808 744 869 clientelam
802 826 869 866 se
945 807 1378 882 commiserat,
1459 807 1790 886 perfidiose
1862 805 2145 889 objectus

249 916 345 971 est
415 908 546 967 irae
630 913 695 965 et
760 925 1001 986 poenae
1077 904 1354 965 Caesaris
1426 900 1750 968 Octaviani
1823 913 1888 967 et
1954 903 2142 988 hujus

246 1006 423 1093 jussu
483 1027 519 1067 a
586 1006 888 1066 militibus
953 1004 1420 1065 contrucidatus
1486 1006 1551 1064 in
1619 1006 1824 1065 insula
1900 1006 1989 1066 Co
2060 1005 2139 1064 ad

245 1104 594 1186 Aesculapii
634 1105 882 1177 lucum,
930 1102 1107 1187 cujus
1149 1125 1444 1187 magnam
1486 1110 1728 1185 partem
1770 1106 1921 1166 olim
1964 1102 2145 1165 classi

244 1205 597 1289 praefectus
654 1206 733 1264 ad
790 1204 1183 1265 fabricandas
1246 1224 1438 1266 naves
1502 1204 1871 1264 succiderat.
1985 1203 2144 1262 Eam

244 1327 384 1367 rem
439 1326 555 1365 suo
609 1323 791 1364 more
852 1310 1100 1373 enarrat
1155 1303 1443 1364 Valerius
1500 1304 1808 1364 Maximus
1862 1302 2037 1362 Libr.
2089 1302 2139 1360 I.

246 1427 300 1467 c.
343 1411 399 1464 1.
444 1425 508 1464 n.
558 1404 689 1464 19.:
764 1404 948 1478 „Nec
1003 1402 1224 1464 minus
1280 1403 1539 1489 efficax
1597 1413 1951 1464 coulemtcce
1992 1402 2146 1463 reli-

238 1503 456 1583 gionis
498 1536 583 1548 -
624 1501 1099 1584 Aesculapius,
1146 1501 1260 1585 qui
1285 1514 1724 1563 consecratum
1753 1505 1989 1585 templo
2026 1523 2143 1563 suo

245 1605 463 1664 lucum
518 1626 562 1663 α
631 1601 965 1679 Turullio,
1022 1603 1365 1684 praesecto
1420 1601 1733 1680 Antonii,
1812 1604 1903 1662 ad
1941 1625 2143 1662 naves

241 1702 309 1764 ei
339 1702 744 1784 faciendas,
818 1724 1066 1779 oticcgmt
1125 1724 1209 1761 ex
1260 1713 1454 1784 parte
1526 1701 1842 1763 succisum
1901 1704 2141 1778 doleuS,

242 1802 413 1863 ‘inter
472 1801 691 1884 ‘ipsum
731 1801 1073 1882 nffccrium
1131 1800 1563 1861 ‘ininislerium
1620 1801 1822 1861 devici
1830 1801 1881 1862 is
1924 1801 2145 1884 parti-

243 1902 361 1963 bus
420 1899 733 1976 Antonii,
808 1899 1081 1983 ‘imperio
1137 1901 1437 1964 Caesaris
1495 1901 1894 1962 destinatum
1948 1902 2150 1963 morti

251 2001 659 2076 Turullium,
704 1999 1076 2082 manifestis
1118 2001 1405 2061 numinis
1449 2000 1558 2061 sui
1593 2000 1841 2063 viribus
1886 2025 2029 2062 eum
2072 2002 2143 2063 in

243 2103 488 2177 locum,
535 2123 722 2185 quem
763 2099 1127 2161 violaverat
1140 2145 1163 2176 ,
1219 2100 1468 2175 traxit,
1516 2099 1887 2187 effecitque,
1932 2111 2008 2162 ut
2050 2101 2148 2163 ibi

238 2200 651 2285 potissimum
714 2223 759 2260 a
815 2199 1130 2260 militibus
1179 2199 1592 2262 Caesarianis
1636 2200 1878 2261 occisus
1922 2202 2143 2261 eodem

241 2300 440 2362 exitio
498 2311 560 2362 et
617 2299 854 2362 eversis
905 2301 1050 2377 iam
1108 2299 1450 2359 arbo-ribus
1508 2321 1765 2382 poenas
1820 2302 2024 2360 lueret
2083 2310 2143 2360 et

241 2401 459 2461 adhuc
536 2398 997 2483 superantibus
1065 2397 1548 2459 immunitatem
1620 2398 1972 2460 consimilis
2039 2399 2144 2460 iu-
2218 2413 2220 2417 “

236 2498 459 2579 iuriae
496 2505 832 2582 pctreret.“
918 2499 1276 2558 Turullium
1334 2498 1608 2559 occisum
1651 2518 1788 2560 esse
1831 2499 1900 2559 in
1941 2501 2142 2560 insula

242 2599 365 2677 Oc,
448 2601 777 2682 perspicue
833 2604 1095 2659 testatur
1149 2598 1268 2658 Dio
1330 2598 1579 2659 Cassius
1637 2619 1690 2659 c.
1755 2600 1852 2676 8.,
1929 2600 2036 2680 qui
2081 2605 2142 2660 et

238 2699 375 2781 ipse
415 2698 484 2759 in
524 2698 642 2760 hac
686 2699 878 2760 caede
922 2699 1196 2780 aliquam
1238 2698 1511 2758 numinis
1566 2699 1699 2761 vim
1749 2701 2030 2782 agnoscit
2042 2699 2139 2778 ⁴⁰).

239 2799 427 2860 Facta
483 2804 699 2859 autem
755 2799 1014 2861 videtur
1055 2799 1161 2858 illa
1206 2798 1474 2857 Turullii
1519 2800 1740 2859 caedes
1785 2800 1901 2858 sub
1945 2799 2138 2859 finem

239 2898 464 2960 hiemis
510 2918 675 2958 anno
719 2899 793 2959 U.
826 2898 895 2959 C.
925 2897 1071 2958 724.
1156 2897 1314 2958 Nam
1356 2897 1664 2958 Antonius
1699 2917 1843 2958 cum
1885 2919 1968 2959 ne
2002 2898 2059 2957 T
2063 2921 2141 2957 u-

237 2998 430 3059 rullio
474 2998 728 3080 quidem
787 2999 866 3057 ad
914 3017 1187 3078 poenam
1249 2994 1500 3079 objecto
1546 2995 1960 3059 Octavianum
2001 2999 2138 3079 pla-

239 3104 452 3159 catum
513 3098 759 3159 videret
775 3140 794 3172 ‚
865 3117 1010 3156 cum
1081 3097 1283 3156 multo
1347 3117 1500 3156 auro
1570 3097 1742 3156 misit
1805 3098 2138 3176 Antyllum

237 3197 436 3258 filium
481 3194 743 3280 ejusque
786 3197 1186 3278 magistrum,
1244 3195 1716 3280 Euphronium:
1793 3217 1956 3277 quae
2002 3197 2139 3277 qui-

241 3297 387 3358 dem
464 3295 689 3379 legatio
761 3296 947 3377 tertia
1012 3316 1215 3377 eaque
1283 3304 1601 3377 postrema
1658 3297 1898 3377 pariter
1964 3297 2136 3356 irrita

381 3528 470 3585 46)
516 3524 747 3574 Eamdem
795 3541 896 3572 rem
949 3521 1040 3572 hoc
1088 3527 1279 3575 nomine
1323 3528 1486 3592 attigit
1530 3524 1810 3576 Lactantius
1859 3523 1979 3574 Inst.
2017 3523 2132 3574 Div.

235 3596 376 3648 Libr.
403 3595 471 3647 11.
511 3615 554 3647 c.
576 3601 626 3648 6.
667 3598 711 3661 §.
746 3600 831 3665 17.
868 3613 917 3658 p.
945 3600 1066 3645 212.
1094 3595 1160 3646 Β.

2231 3284 2236 3396 l
