2236 3932
985 724 1130 776 DE

343 852 429 922 L.
548 842 1066 919 VARIO
1195 837 1772 916 POETA.

981 1175 1033 1243 ς.
1081 1167 1142 1228 1.

113 1279 693 1423 Quotiescumque
735 1343 853 1406 ego
895 1321 1209 1404 insignem
1241 1318 1586 1381 Poetarum
1612 1302 2016 1402 Latinorum,

111 1449 391 1511 quorum
432 1445 626 1507 opera
658 1422 960 1482 interiere
976 1465 997 1497 ,
1041 1440 1384 1480 numerum
1410 1440 1484 1480 ac
1515 1421 1719 1482 veluti
1749 1422 2019 1484 chorum

113 1530 327 1590 animo
352 1533 419 1587 et
444 1522 822 1607 cogitatione
858 1519 1274 1603 perlustravi3
1319 1519 1510 1580 toties
1542 1520 1760 1582 dolere
1803 1522 2019 1599 subiit,

113 1627 287 1709 quod
343 1624 421 1684 L.
451 1622 629 1684 Varii
684 1622 964 1683 carmina
1023 1641 1170 1680 cum
1226 1619 1473 1697 omnia,
1547 1625 1688 1679 tum
1744 1621 2019 1683 maxime

113 1724 254 1810 ejus
282 1725 667 1802 Thyestem,
713 1741 906 1802 quam
949 1720 1210 1781 cuilibet
1237 1718 1627 1780 Graecarum
1666 1719 2022 1801 comparari

110 1825 394 1910 potuisse
434 1829 702 1884 testatur
742 1827 965 1882 auctor
1004 1819 1412 1903 gravissimus
1429 1864 1449 1897 ,
1508 1819 1928 1895 Quintilianus
1968 1818 2022 1878 I.

115 1924 423 1988 Or.Lib1·.
439 1924 523 1982 X.
548 1924 606 1983 l.
639 1930 690 1996 §.
712 1923 853 1998 98„
895 1926 1206 1997 vetustaS,
1249 1920 1367 1980 ista
1393 1919 1706 1982 invidiosa
1734 1920 2022 1981 omnium

113 2045 333 2087 rerum
358 2023 784 2093 humanarum
814 2018 1186 2096 confectrix,
1218 2019 1592 2100 absumpsit.
1651 2019 1822 2080 Haec
1851 2019 2023 2080 enim

113 2123 438 2207 tragoedia
481 2123 535 2182 si
580 2127 852 2183 aetatem
894 2126 1180 2181 nostram
1223 2119 1499 2196 tulisset,
1553 2118 1876 2199 aliquanto
1918 2139 2024 2181 ae-

115 2226 301 2308 quius
358 2223 718 2303 rectiusque
772 2241 891 2281 nos
946 2217 1335 2304 judicaturos
1394 2238 1534 2279 esse
1606 2218 1882 2280 arbitror
1942 2219 2023 2281 de

91 2310 460 2385 'dramatica
502 2323 933 2383 Romanorum
973 2318 1155 2402 poesi
1198 2325 1297 2396 et,
1355 2338 1520 2400 quae
1563 2319 1731 2399 apud
1775 2338 1886 2380 eos
1927 2317 2024 2381 vi-

116 2444 309 2510 guere
323 2467 342 2500 ‚
400 2422 547 2483 artis
592 2420 876 2483 scenicae
919 2419 1167 2480 studiis.
1253 2417 1411 2479 Nam
1452 2415 1532 2477 L.
1557 2415 1823 2495 Varius,
1870 2438 2026 2479 con-

117 2522 489 2586 testantibus
523 2521 954 2582 Romanarum
993 2539 1214 2580 rerum
1255 2517 1669 2600 scriptoribus
1685 2562 1707 2596 ,
1752 2515 2026 2578 dubitari

116 2622 342 2704 nequit
398 2621 592 2702 quin,
667 2620 721 2680 si
777 2619 919 2701 quis
973 2619 1131 2679 alius
1188 2624 1523 2701 poetarum
1576 2618 1694 2678 sub
1748 2615 2024 2700 Augusto

116 2722 358 2784 Romae
400 2720 781 2797 viventium,
824 2719 894 2779 in
934 2719 1057 2780 hoc
1101 2718 1452 2780 carminum
1490 2736 1722 2801 genere
1753 2715 2027 2778 Graeco-

118 2843 264 2883 rum
307 2827 506 2882 artem
549 2840 621 2881 ac
664 2818 1107 2900 praestantiam
1154 2822 1220 2879 et
1260 2817 1611 2878 aemulatus
1651 2816 2027 2901 ingeniosis—

120 2922 280 2982 sime
323 2927 385 2982 et
426 2920 788 2980 felicissime
844 2923 1159 2978 assecutus
1216 2915 1428 2979 fuerit.
1514 2917 1652 2994 Quo
1697 2916 1890 2977 etiam
1930 2913 2028 2975 fa-

122 3027 294 3083 ctmn
335 3020 690 3102 putabimus
707 3064 728 3098 ,
786 3026 855 3078 ut
898 3037 1300 3078 communem
1342 3016 1628 3078 omnium
1669 3013 2028 3076 admiratio·

122 3140 275 3181 nem
314 3120 580 3181 haberet
622 3125 721 3197 et,
781 3138 973 3198 quam
1015 3116 1138 3178 sibi
1178 3122 1362 3177 antea
1404 3116 1598 3197 epicis
1644 3113 2027 3176 carminibus

124 3226 452 3301 pepererat
491 3220 745 3280 laudem
787 3216 957 3278 haud
1000 3216 1328 3299 exiguam,
1374 3235 1516 3276 cam
1548 3213 1826 3293 Thyeste
1860 3213 2026 3275 edita

124 3326 188 3378 ct
230 3317 397 3398 apud
439 3317 730 3397 aequales
773 3317 1137 3377 obscuraret
1179 3321 1242 3377 et
1281 3316 1447 3398 apud
1476 3318 1766 3397 posteros
1791 3332 2025 3394 prope·

124 3418 391 3478 modum
433 3423 630 3477 totam
674 3417 935 3477 deleret.
1018 3414 1236 3496 Neque
1281 3421 1490 3475 tamen
1531 3411 1611 3473 L.
1639 3411 1867 3474 Varius
1902 3411 2027 3474 hoo

126 3538 256 3578 uno
298 3516 558 3578 nomine
600 3515 823 3598 (lignus
866 3520 990 3592 est,
1060 3515 1172 3595 qui
1212 3534 1250 3575 a
1293 3514 1477 3575 nobis
1519 3511 1871 3573 accuratius
1914 3531 2026 3571 co-

126 3623 482 3700 gnoscatur.
566 3615 779 3677 Multis
833 3614 943 3677 ille
1000 3614 1196 3676 animi
1251 3633 1509 3695 quoque
1553 3611 1737 3672 bonis
1780 3611 2028 3675 videtur

1561 3712 1592 3772 l
1620 3713 1651 3749 ὓ
