2236 3932
238 138 363 200 200
816 152 912 224 ‘nn
957 149 1181 192 cAssm
1224 147 1588 191 PARMENsn

238 288 492 350 Tacitus
518 289 685 350 Ann.
711 279 888 347 Libr.
912 285 966 344 I.
1013 304 1066 344 c.
1098 286 1206 344 72.
1289 281 1595 365 Ejusdem
1625 283 1720 344 rei
1741 282 2130 344 mentionem

237 387 390 449 facit
414 387 536 449 Dio
563 386 806 462 Cassius
831 383 1009 443 Libr.
1029 380 1199 441 LVI.
1229 402 1283 443 c.
1304 385 1445 444 27.=
1489 387 1580 443 καὶ
1612 382 1814 459 μαθών
1840 386 1924 445 ὅτι
1941 385 2133 460 βιβλία

240 478 378 546 ἄττα
414 479 500 556 ἐφ’
538 480 695 556 ὕβρει
729 482 886 534 τινῶν
922 477 1311 550 συγγράφοιτο,
1353 478 1572 557 ζήτησιν
1598 479 1777 538 αὐτῶν
1802 481 2132 555 ἐποιήσατο·

241 569 332 624 καὶ
364 563 541 624 ἐκεῖνά
580 588 638 622 τε
672 565 740 619 τὰ
773 565 876 634 μὲν
914 561 971 619 ἐν
1012 567 1080 636 τῆ
1111 563 1276 619 πόλει
1305 560 1602 638 εὑρεθέντα
1626 569 1768 644 πρὸς
1801 573 1906 623 τῶν
1930 563 2135 639 ἀγορα-

241 654 447 724 νοιιων,
485 650 552 706 τὰ
586 650 646 704 δὲ
676 646 780 714 ἔξω
810 647 952 722 πρὸς
980 651 1089 702 τῶν
1123 644 1512 718 ἓκασταχόθι’
1479 651 1781 730 αρχόντων,
1819 651 2135 725 κατέφλεξε,

239 747 339 803 καὶ
372 748 482 800 τῶν
518 740 828 798 συνθέντων
865 737 1005 796 αὐτὰ
1042 739 1273 798 ἐκόλασε
1308 743 1478 811 τινάς.
1554 742 1669 814 Cui
1713 742 1968 824 quidem
1995 742 2138 802 loco

244 842 584 927 plurimum
623 838 778 899 lucis
821 838 1064 898 accedit
1105 858 1191 899 ex
1235 837 1572 920 Suetonio,
1617 844 1729 923 ‹Iui
1755 844 1834 903 (le
1865 839 2142 923 Caligula

245 939 588 1003 memoriae
620 937 897 1021 prodidit
925 959 978 998 c.
1009 939 1141 998 16.:
1186 939 1385 1013 „Titi
1412 940 1712 1017 Labieni,
1764 939 1963 1004 Cordi
1993 940 2144 1002 Cre-

246 1037 471 1113 mutii,
524 1036 740 1100 Cassii
766 1035 987 1097 Severi
1005 1036 1286 1120 scripta,
1331 1042 1610 1101 Senatus
1653 1038 1960 1101 consultis
1989 1038 2144 1099 abo-

249 1138 369 1199 lita
386 1182 407 1211 ,
474 1135 722 1219 requiri
773 1146 835 1196 et
897 1157 1029 1196 esse
1081 1135 1152 1197 in
1205 1138 1510 1199 manibus
1567 1138 1958 1221 lectitarique
1988 1159 2148 1220 per-

251 1237 456 1314 misit,
524 1236 787 1320 quando
842 1234 1130 1296 maxime
1186 1258 1310 1298 sua
1378 1238 1750 1313 interesset,
1819 1247 1918 1307 ‘at⁴
1939 1238 2148 1319 facta

251 1357 496 1425 quoque
534 1334 811 1419 posteris
851 1337 1284 1398 tradantur.“
1379 1337 1537 1399 Nam
1578 1357 1748 1399 nova
1787 1337 1904 1397 ista
1947 1342 2010 1397 et
2049 1336 2152 1396 in-

253 1443 432 1498 sueta
489 1455 592 1496 res
607 1479 627 1512 ,
684 1435 989 1519 supplicia
1043 1437 1124 1497 de
1182 1436 1402 1497 studiis
1437 1437 1784 1517 sumendi,
1849 1442 1914 1498 et
1956 1455 2153 1496 exco-

254 1537 441 1620 gitata
484 1542 579 1596 est
621 1531 749 1617 jam
793 1535 908 1595 sub
937 1535 1222 1619 Augusto
1267 1543 1332 1597 et
1373 1536 1662 1618 usurpari
1705 1542 1939 1616 coepta.
2010 1533 2048 1596 J
2051 1554 2153 1594 am

255 1656 404 1698 cum
461 1634 728 1697 Labieni
778 1633 1179 1696 historiarmn
1241 1635 1389 1696 libri
1453 1655 1539 1696 ex
1597 1634 2155 1696 Senatusconsulto

257 1733 775 1796 comburerentur
789 1777 809 1809 ‚
853 1731 940 1792 Μ.
987 1732 1228 1797 Seneca
1272 1734 1575 1798 Controv.
1618 1732 1824 1794 Praef.
1867 1732 2048 1792 Libri
2074 1729 2156 1791 V.

256 1854 322 1914 p.
352 1833 496 1892 321.
528 1831 670 1912 Bip.
715 1829 943 1909 refert,
988 1830 1270 1896 Cassium
1315 1832 1654 1912 Severum,
1697 1831 1983 1892 Labieno
2011 1828 2159 1915 jun-

258 1930 603 1992 ctissimum
618 1972 638 2006 ,
709 1930 876 1991 belle
947 1930 1216 1994 dixisse:
1289 1955 1518 2009 „nunc
1589 1953 1693 1993 me
1763 1929 1985 1991 vivum
2050 1926 2165 1988 uri

259 2038 540 2112 oportet,
599 2027 716 2112 qui
753 2028 902 2090 illos
945 2029 1182 2092 edidici
1189 2032 1337 2112 ¹¹).“
1434 2032 1540 2095 Ex
1595 2053 1725 2114 quo
1767 2028 2159 2112 intelligitur,

261 2149 411 2191 eum
453 2134 592 2190 tum
635 2130 939 2211 temporis
982 2131 1226 2193 salvum
1258 2131 1463 2194 adhuc
1506 2139 1571 2194 et
1611 2130 2000 2192 incolumem
2032 2127 2164 2188 Ro·-

261 2248 403 2289 mae
457 2234 781 2290 versatum
825 2250 981 2291 esse.
1087 2229 1246 2290 Cum
1288 2238 1499 2292 autem
1542 2229 1812 2290 Labieni
1854 2231 2080 2310 poena
2103 2231 2165 2287 et

263 2327 563 2409 exemplo
606 2327 768 2390 nihil
812 2329 1146 2391 deterritus
1202 2329 1606 2390 nobilissimis
1650 2314 2004 2410 quibusque
2048 2326 2166 2387 oh-

263 2427 494 2489 latrare
537 2432 602 2486 et
621 2426 1012 2490 ⁴maledicere
1035 2430 1459 2511 perrexisset,
1503 2450 1635 2489 non
1664 2433 1908 2488 tantum
1939 2425 2167 2506 scripta

266 2523 402 2608 ejus
456 2526 690 2586 abolita
749 2533 928 2605 sunt,
989 2529 1100 2588 sed
1155 2528 1289 2609 ipse
1344 2529 1533 2589 etiam
1593 2528 1763 2588 Urbe
1819 2526 2047 2587 cedere
2103 2530 2169 2584 et

267 2626 487 2686 abesse
541 2621 744 2706 jussus
802 2633 919 2687 est.
1035 2627 1292 2689 Tacitus
1353 2629 1432 2690 de
1484 2627 1674 2687 rebus
1732 2626 1847 2686 sub
1905 2622 2168 2683 Tiberio

269 2744 325 2786 a.
357 2722 431 2783 U.
465 2721 535 2783 C.
568 2726 713 2785 777.
759 2727 908 2787 actis
952 2726 1110 2812 lla-ec
1155 2727 1405 2808 scripsit
1434 2727 1596 2787 Ann.
1639 2724 1818 2785 Libr.
1849 2719 1956 2783 1V.
1991 2742 2044 2782 c.
2065 2721 2169 2781 21.

269 2822 636 2897 „Relatum
692 2833 753 2885 et
810 2827 889 2884 de
952 2824 1178 2889 Cassio
1238 2828 1470 2886 Severo
1515 2824 1734 2900 exule,
1780 2821 1895 2905 qui
1929 2855 2016 2866 --
2046 2841 2173 2902 per

271 2919 652 2981 immodicas
709 2920 1090 2985 inimicitias
1105 2969 1128 3001 ,
1204 2935 1280 2984 ut
1327 2923 1575 3003 judicio
1625 2920 1846 3002 jurati
1894 2923 2174 2982 Senatus

280 3022 537 3082 Cretam
594 3031 1037 3101 anwveretur,
1116 3023 1427 3110 effecerat
1445 3047 1464 3084 .·
1529 3031 1720 3104 atque
1773 3019 1905 3080 illic
1950 3018 2174 3079 eadem

275 3118 611 3179 actitando
625 3162 648 3193 ,
692 3121 973 3181 recentia
1017 3134 1358 3205 veteraque
1402 3121 1555 3183 odia
1600 3118 1917 3194 advertit,
1965 3115 2176 3178 bonis-

276 3241 396 3300 que
439 3228 711 3292 exutus,
771 3217 1130 3281 interdicto·
1163 3221 1311 3300 igni
1351 3215 1543 3303 atoue
1586 3240 1761 3302 aqua
1776 3263 1798 3294 ,
1855 3237 2024 3279 saxo
2067 3217 2176 3288 Se-

275 3317 491 3399 riphio
533 3316 938 3379 consenuit.“
1026 3320 1146 3396 Qui
1189 3321 1447 3404 quidem
1489 3303 1668 3381 locus
1707 3318 1798 3378 ita
1841 3314 2176 3397 capiendus

377 3562 380 3567 Ι
427 3494 511 3608 1¹11)
562 3489 643 3538 De
694 3489 762 3539 T.
811 3487 1033 3540 Labieno
1085 3491 1175 3540 illo
1225 3493 1485 3541 accuratius
1534 3468 1803 3552 expositum
1853 3493 1927 3538 est
1971 3485 2021 3533 in
2075 3480 2177 3533 Ex·

280 3570 402 3607 curs.
496 3595 508 3610 0
