2236 3932
239 153 364 214 242
807 166 897 216 bn
944 174 1167 215 CAssm
1214 174 1577 216 rAnMENsr.

242 309 471 391 quibus
527 301 673 370 eum
746 299 896 370 dicit
955 310 1033 367 ad
1103 308 1299 367 Cassii
1352 307 1703 370 Parmensis
1761 311 2010 372 laudem
2069 319 2135 373 et

241 409 681 489 praestantiam
735 408 1048 488 adspirare
1065 451 1085 484 ‚
1161 410 1662 470 commemoratis
1719 412 1926 472 statim
1966 413 2135 472 ¹sub-

241 505 376 589 jicit
415 529 478 569 V.
506 509 601 567 4.=
1312 520 1316 522 *

328 605 446 667 An
488 604 758 664 ‘tacitum
800 602 1002 663 silvas
1046 602 1216 664 inter
1257 615 1519 686 reptare
1560 608 1871 682 salubres)
2084 678 2086 680 v

337 707 686 768 Garun-tem
759 702 1074 786 quidquid
1148 702 1442 782 dignum
1491 706 1783 788 sapiente
1854 706 2138 789 bonoque

1236 798 1374 862 est?
1389 803 1459 882 ³⁰)

243 905 407 964 Num·
462 901 602 982 quis
662 902 862 978 dicet,
922 902 1019 961 his
1064 920 1317 982 quoque
1361 902 1568 962 verbis
1613 903 1948 965 Horatium
1993 926 2138 965 cum

246 996 502 1062 Tibullo
557 1001 913 1062 cavillatum
981 997 1167 1061 esse?
1250 1001 1470 1060 Nonne
1534 1003 1739 1083 potius
1816 1004 2139 1065 fatendum

246 1108 375 1178 est,
433 1101 598 1159 illius
641 1101 1147 1180 reprehensionis
1184 1106 1251 1160 >et
1295 1101 1702 1162 cavillationis
1741 1103 1810 1162 in
1851 1110 1982 1164 tota
2024 1104 2140 1164 hac

245 1201 522 1282 Epistola
564 1203 683 1259 nec
725 1200 938 1271 volam
980 1221 1099 1261 nec
1141 1200 1476 1281 vestigium
1520 1198 1870 1280 apparere?
1934 1203 2138 1278 Adde,
2185 1269 2189 1272 ,

247 1301 416 1382 quod
460 1299 790 1374 Tibullus,
847 1320 991 1359 cum
1038 1320 1168 1359 non
1211 1298 1332 1357 nisi
1374 1295 1602 1380 Elegiis
1646 1300 1774 1359 suis
1817 1300 2142 1381 praestans

249 1406 310 1461 et
355 1399 555 1461 clarus
601 1404 803 1473 esset,
876 1399 1324 1480 percommode
1383 1398 1572 1457 etiam
1643 1400 1939 1479 componi
1992 1407 2140 1481 pot-

252 1505 387 1560 erat
429 1506 574 1558 'oum
607 1496 819 1559 Cassio
862 1499 1206 1559 Parmensi.
1294 1495 1356 1556 Is
1401 1497 1602 1573 enim,
1648 1505 1718 1558 ut
1763 1487 2143 1559 Scholiastae

249 1603 589 1673 testantur,
631 1591 805 1657 'licet
846 1598 913 1656 in
957 1598 1196 1677 aliquot
1240 1596 1590 1656 carminum
1632 1588 1964 1681 generibus
2010 1604 2144 1676 sty-

248 1699 383 1760 hun
425 1701 809 1771 exemeret.
846 1702 1060 1755 tamen
1101 1696 1166 1755 in
1210 1695 1428 1776 primis
1471 1702 1732 1777 propter
1775 1693 1969 1778 OPera
2014 1699 2146 1758 ele-

250 1798 430 1881 giaca
477 1786 893 1855 laudabatur.‘
991 1783 1194 1874 Atque
1249 1794 1361 1854 has
1416 1796 1582 1874 ipsas
1641 1794 1888 1878 Elegias
1934 1802 2001 1855 ut
2044 1796 2146 1856 hic

248 1893 577 1956 Horatium
636 1900 847 1954 mente
916 1894 1206 1954 habuisse
1263 1899 1325 1953 et
1382 1895 1833 1974 opusculorum
1889 1892 2145 1956 nomine

243 1982 626 2077 'significasse
685 1999 1016 2074 putemus,
1076 1995 1293 2053 suadet
1344 1995 1794 2053 sententiarum
1838 1995 2029 2055 series
2074 2015 2146 2056 ac

248 2099 450 2154 tenor.
551 2091 679 2152 Nec
724 2093 985 2152 dubium
1037 2093 1193 2153 mihi
1237 2098 1331 2152 est
1373 2093 1528 2173 quin
1569 2092 1651 2152 W
1653 2094 2037 2154 ernsdorfius
2080 2095 2146 2153 in

249 2193 319 2253 P.
363 2192 443 2252 L.
485 2191 572 2251 M.
619 2193 805 2252 Tom.
838 2191 922 2251 II.
981 2215 1044 2273 p.
1089 2194 1231 2253 261.
1247 2237 1266 2269 ,
1334 2213 1533 2272 quum
1593 2194 1760 2272 apud
1817 2193 2148 2253 Horatium

251 2292 561 2375 opuscula
606 2290 803 2351 Cassii
846 2293 925 2352 ‹le
971 2291 1348 2352 carminibus
1390 2291 1687 2352 bucolicis
1725 2293 1975 2373 accipit,
2022 2314 2148 2353 non

251 2391 459 2451 minus
501 2391 565 2449 in
609 2411 822 2451 errore
863 2394 1147 2452 Versetur
1192 2411 1383 2471 quam
1415 2390 1814 2474 Spaldingius
1845 2394 1924 2452 ad
1952 2392 2148 2468 Quin-

252 2490 452 2552 filiani
510 2490 660 2549 Ins't.
736 2488 847 2550 Or.
908 2489 1084 2550 Libr.
1124 2488 1202 2550 V.
1265 2511 1318 2550 c.
1354 2493 1450 2550 ll.
1496 2499 1545 2564 §.
1570 2492 1717 2569 24„
1795 2490 1905 2572 qui
1953 2490 2148 2551 Cassii

396 2665 484 2719 30)
537 2659 833 2712 Scholiastae
882 2663 1140 2724 improprie
1176 2664 1408 2723 accipiunt
1442 2681 1488 2711 v.
1528 2663 1710 2712 silvas:
1759 2661 1924 2711 Acron
1959 2660 2150 2722 „libros

248 2730 644 2796 philosophorum
692 2734 981 2795 appellat“‚
1035 2743 1082 2781 et
1121 2732 1420 2798 Porphyrion
1458 2733 1645 2796 „libros
1682 2731 2152 2799 ‹saloooffozf‘ue'rovc

254 2805 565 2869 significat-‘⁶
652 2803 733 2852 Sic
783 2807 909 2852 enim
968 2803 1308 2868 Porphyrionis
1354 2808 1497 2853 verba
1547 2816 1749 2853 correcta
1789 2805 1918 2853 dedit
1956 2809 2048 2861 iam
2084 2805 2148 2853 G.

257 2869 504 2926 Fabricius
552 2877 600 2922 in
638 2874 806 2923 Horat.
848 2875 975 2923 Edit.
1016 2875 1170 2923 Basil.
1208 2882 1358 2927 1555.
1381 2914 1395 2939 ‚
1460 2877 1588 2937 quod
1624 2878 1818 2926 latuisse
1855 2877 2041 2924 videtur
2078 2876 2150 2924 A.

257 2945 444 3009 Maium
482 2946 542 2997 ad
589 2944 790 3007 Apuleji
829 2947 1021 3010 Fragm.
1063 2949 1122 2996 de
1160 2946 1390 3010 Orthogr.
1431 2951 1477 3007 ξ.
1509 2955 1592 2998 28.
1631 2968 1678 3010 p.
1719 2954 1803 2997 62.
1843 2949 1920 2996 ed.
1962 2947 2148 2996 Osann.

259 3017 361 3067 Sed
395 3018 445 3069 h.
478 3019 514 3066 l.
552 3018 703 3066 silvae
756 3022 944 3080 proprie
993 3028 1101 3067 sunt
1153 3022 1489 3082 intellig-cudae
1526 3021 1585 3068 de
1623 3022 1724 3081 eis,
1780 3038 1899 3080 quae
1936 3028 2068 3067 erant
2104 3022 2152 3066 iu

258 3092 427 3139 vicinia
463 3090 608 3138 'villae
643 3089 877 3139 Pedanae.
948 3090 1078 3138 Inter
1115 3108 1194 3139 eas
1232 3090 1451 3138 Tibullus
1489 3093 1731 3152 reptabat,
1784 3090 1832 3138 h.
1861 3108 1902 3139 e.
1941 3099 2152 3138 moestus

260 3170 309 3210 et
354 3169 586 3224 aegrotus,
624 3161 884 3208 incedebat.
975 3161 1173 3222 Propter
1223 3164 1343 3211 situs
1380 3166 1706 3210 amoenitatem
1740 3163 2038 3223 appellantur
2073 3180 2153 3209 sa-

259 3232 448 3292 lubres,
517 3234 551 3279 i.
596 3249 639 3279 e.
693 3234 842 3279 bonae
875 3234 1130 3280 valetudini
1171 3234 1513 3294 conducentes:
1564 3237 1632 3282 sic
1669 3251 1743 3294 ap.
1782 3232 2056 3281 Ciceronem
2095 3231 2153 3279 ad

260 3303 452 3362 Divers.
492 3301 630 3351 Libr.
655 3301 695 3351 Ῑ.
738 3302 892 3364 Epist.
929 3309 1041 3352 5·7.:
1092 3304 1405 3365 „salubrisne
1451 3324 1517 3352 cm
1557 3305 1784 3367 pestilens
1817 3324 1975 3352 annus
1997 3305 2154 3371 fum-

259 3375 500 3424 russv‘tf‘
574 3372 800 3423 Horatius
828 3376 965 3422 amici
991 3377 1332 3438 aegritudinem
1369 3380 1568 3438 ejusque
1605 3371 1823 3434 caussas,
1864 3377 2032 3437 quibus
2069 3373 2152 3421 ad-

262 3445 432 3494 ductus
478 3447 705 3494 silvarum
753 3446 1056 3495 solitudinem
1105 3456 1380 3510 quaereret,
1445 3440 1700 3508 prudenter
1747 3449 2036 3509 praeteriens
2071 3462 2153 3492 su-

262 3520 494 3578 spicatur,
553 3535 663 3565 eum
700 3536 786 3580 per
831 3518 978 3566 silvas
1027 3518 1330 3567 obambulare
1368 3518 1733 3581 philosophandi
1770 3535 1936 3567 caussa
1972 3525 2019 3565 et
2053 3532 2153 3563 me-

263 3587 442 3637 ditandi
479 3588 539 3638 de
575 3589 674 3654 eiS,
728 3607 849 3652 quae
885 3588 1026 3652 digna
1062 3591 1155 3637 sint
1192 3592 1406 3652 sapiente
1441 3591 1672 3652 bonoque.
