2236 3932
226 102 353 163 210
832 120 913 160 DE
962 119 1186 160 CAss1o
1222 117 1588 159 PA-RMENSI.

217 277 396 349 pour
455 275 576 317 son
632 255 881 315 audace
896 294 920 328 ,
994 259 1091 334 ρκ’
1135 253 1396 312 Horace
1437 251 1659 315 auroz't
1698 249 2007 335 reproche
2050 257 2129 316 de

232 355 302 415 la
345 349 590 417 lc‘t'chetb
633 355 730 433 (v.⁴
757 354 886 430 2.),·
932 372 1000 411 ce
1041 357 1102 409 ‘n'
1133 360 1228 410 est
1260 350 1452 432 point
1494 348 1536 411 ὰ
1580 351 1679 412 lui
1716 353 1868 434 ρκ’ἰί
1907 353 2130 414 ακνοίι

231 454 327 515 dit
385 476 503 537 ρκε
571 455 640 512 la
702 451 995 510 ‘moe’ndre
1064 448 1378 534 offrcmde
1445 450 1708 512 calmoz't
1778 474 1858 512 sa
1929 448 2133 513 colere

233 555 324 634 (v.
373 556 415 615 9
446 587 533 599 ——-
565 551 720 629 10.).
823 548 1152 627 Ajoutons
1211 545 1253 608 ὰ
1294 570 1395 610 ces
1436 549 1697 610 raison&
1740 551 1818 611 de
1867 551 2131 628 Gesner,

231 661 329 736 ρκ’
373 653 600 714 Acron
656 658 716 708 et
770 669 864 708 κη
913 648 1136 725 grand
1191 648 1457 709 nombre
1510 651 1590 710 de
1642 653 1805 711 Mss.
1861 649 2134 710 truitent

233 755 311 813 de
328 745 521 834 poete
544 743 869 809 medis-ant
905 748 1190 827 (poetam
1212 747 1618 828 maledicum)
1649 751 1706 810 le
1720 769 2134 832 personnage

234 851 349 934 ρκί
369 851 599 930 figure
635 848 806 907 dans
848 855 1006 907 cette
1041 847 1177 907 Ode
1190 889 1211 924 ,
1257 856 1319 906 et
1345 853 1443 929 ρκ’
1477 870 1695 910 aucun
1726 850 1836 910 des
1864 858 2135 909 auteurs

231 945 384 1012 cites
429 948 589 1030 plus
644 946 810 1006 haut
865 964 948 1004 ne
1005 945 1221 1006 donne
1263 941 1306 1006 ὰ
1355 946 1618 1008 Cassius
1636 1001 1640 1004 ,
1659 943 1934 1009 Severus
1977 957 2136 1007 cette

232 1041 494 1132 ρκαῖἰΐὲ.
587 1043 942 1127 Quintilz’en
951 1087 976 1120 ‚
1019 1038 1303 1128 Βὲκὲρκε
1331 1055 1394 1106 et
1418 1047 1692 1107 l’auteur
1717 1048 1808 1108 du
1836 1046 2136 1124 dialogice

234 1150 314 1209 de
344 1145 594 1208 Caussis
639 1165 804 1206 corr.
847 1144 1016 1226 eloq.
1057 1145 1320 1226 parlent
1367 1167 1460 1206 ακ
1501 1147 1652 1223 long
1694 1147 1772 1205 de
1800 1168 1897 1207 ses
1926 1147 2137 1206 talem

233 1250 294 1308 d'
341 1255 639 1320 oratewr3
701 1265 920 1306 aucun
961 1265 1046 1304 ‘ne
1088 1242 1187 1304 dit
1228 1243 1382 1327 qu'il
1421 1244 1518 1306 ait
1560 1240 1660 1305 έΐέ
1699 1239 1916 1327 Ροὲιρς
1979 1254 2041 1305 et
2081 1243 2144 1304 si

215 1350 306 1410 ‚la
349 1347 535 1408 chose
577 1366 659 1406 en
698 1342 904 1404 valoit
945 1344 1015 1403 la
1034 1342 1265 1425 peine,
1311 1365 1398 1405 on
1424 1343 1811 1419 trouveroit,
1850 1345 1917 1421 je
1947 1343 2138 1417 croiS,

236 1450 408 1509 dans
447 1439 762 1527 δέηὲρκε,
809 1444 865 1503 Ie
902 1435 1133 1523 “moyen
1175 1444 1254 1504 de
1293 1465 1577 1526 prouver
1613 1443 1766 1527 ρκ’ῖῑ
1803 1464 1887 1504 ne
1930 1444 1987 1503 le
2009 1443 2139 1523 fut

224 1551 433 1631 pas.“
516 1544 634 1605 His
671 1543 1058 1626 argumentis
1107 1542 1268 1603 nihil
1307 1562 1688 1626 magnopere
1729 1543 2140 1604 tribuendum

236 1651 409 1727 puto.
506 1641 666 1704 Nam
680 1686 702 1721 ,
760 1649 1102 1723 utcumque
1156 1642 1236 1704 de
1290 1648 1611 1725 tempore,
1670 1662 1800 1724 quo
1841 1642 2139 1703 Horatius

234 1742 491 1828 Epodos
549 1741 824 1825 singulas
880 1742 1338 1824 composuerit,
1410 1742 1735 1819 statuitur,
1805 1742 1872 1802 id
1930 1748 2141 1803 tamen

236 1866 325 1907 ex
365 1863 513 1918 mea
553 1843 816 1925 quidem
859 1842 1167 1904 sententia
1225 1848 1473 1905 certum
1516 1847 1614 1904 est
1655 1849 1845 1923 atque
1885 1840 2141 1901 indubi-

237 1951 474 2021 tatum,
527 1943 777 2004 nullum
820 1943 1052 2017 ἐπῳδῶν
1096 1962 1354 2004 carmen
1410 1962 1579 2020 esse,
1650 1941 1824 2022 quod
1879 1941 2141 2000 demum

235 2051 379 2127 post
420 2062 659 2104 annum
683 2041 760 2102 U.
790 2040 860 2102 G.
893 2042 1042 2103 723.
1084 2043 1388 2125 scriptum
1413 2042 1512 2103 sit.
1598 2041 1823 2122 Itaque
1845 2039 1951 2099 isti
1981 2060 2141 2121 quo-

238 2165 365 2227 que
396 2143 467 2203 in
510 2141 796 2204 Cassium
834 2141 1032 2203 iambi
1073 2139 1202 2224 jam
1247 2141 1494 2203 exarati
1536 2147 1685 2201 sunt
1726 2158 1803 2202 eo
1831 2146 2140 2222 tempore,

240 2264 367 2325 quo
409 2242 518 2304 ille
559 2242 830 2303 vixdum
883 2241 1109 2325 viginti
1163 2260 1361 2301 annos
1414 2243 1602 2302 natus
1642 2240 1896 2324 ingenio
1943 2240 2144 2300 clare-

239 2362 416 2404 scere
473 2341 706 2423 coepit.
815 2340 1172 2402 Innotuisse
1232 2346 1445 2401 autem
1504 2359 1653 2401 eum
1724 2338 2143 2400 maledicendi

238 2441 532 2519 libidine,
587 2441 822 2523 pariter
865 2439 1165 2502 credibile
1210 2446 1305 2502 est
1347 2445 1534 2521 atque
1577 2459 1724 2501 eum
1740 2484 1760 2517 ,
1805 2459 2000 2520 quem
2042 2438 2159 2500 vi·-

238 2543 447 2614 dimus
504 2541 792 2602 sordidae
849 2539 1042 2601 fuisse
1100 2539 1353 2622 originis
1371 2584 1391 2617 ,
1466 2560 1598 2602 non
1655 2546 1788 2601 tam
1851 2543 2143 2620 potentes

240 2662 313 2702 ac
373 2640 630 2718 divites,
703 2659 896 2721 quam
952 2638 1201 2707 infimos
1261 2659 1334 2700 ac
1376 2659 1688 2722 pauperes
1727 2639 1977 2720 linguae
2020 2632 2144 2697 im?-

239 2739 477 2822 probae
516 2740 809 2821 procacia
851 2759 1215 2824 aggressum
1258 2758 1414 2800 esse.
1509 2739 1587 2800 In
1628 2739 1728 2799 his
1772 2738 1905 2799 sine
1950 2736 2144 2796 (lubio

238 2839 569 2901 Horatium
611 2859 898 2920 quoque,
942 2839 1239 2900 libertino
1283 2845 1506 2900 natum
1534 2825 1714 2920 patre
1730 2881 1750 2913 ,
1795 2842 1929 2906 atro
1960 2838 2145 2896 dente

237 2939 530 3022 petierat.
613 2937 778 2998 Hinc
817 2938 1014 3000 Poeta
1041 2938 1397 2999 Venusinus
1440 2939 1543 3000 vel
1585 2935 2146 3000 obtrectationibus

239 3039 345 3101 vel
390 3037 687 3101 conviciis
731 3044 1136 3119 provocatus,
1181 3039 1400 3100 stricto
1441 3038 1619 3102 velut
1643 3035 2006 3098 Archilochi
2034 3054 2146 3096 seu

239 3138 649 3220 Hipponactis
704 3137 917 3198 iambo
964 3138 1037 3198 in
1077 3138 1271 3200 istum
1313 3140 1446 3198 κύνα
1481 3140 1785 3215 κατήγορον
1829 3134 2147 3197 invehitur

241 3238 427 3319 eique
468 3236 786 3321 ignaviam
829 3237 1202 3318 exprobrat,
1247 3238 1431 3319 utqui
1475 3243 1612 3298 tum
1650 3233 1897 3318 juvenis
1940 3232 2146 3294 adhuc

239 3337 530 3418 ignobilis
575 3343 638 3397 et
677 3337 862 3418 inops
905 3337 1368 3417 potentioribus
1411 3336 1749 3397 abstineret
1798 3335 1932 3397 sive
1973 3331 2146 3414 peri-

242 3436 368 3495 culi
410 3442 584 3496 metu
645 3435 776 3498 sive
834 3435 1048 3495 lucelli
1090 3433 1349 3519 alicujus
1392 3455 1503 3517 spe
1547 3435 2021 3508 obmutescens,
2083 3437 2144 3491 et

239 3555 347 3595 eos
389 3540 663 3611 tantum,
710 3554 748 3595 a
791 3534 1022 3615 quibus
1065 3535 1224 3623 nihil
1266 3536 1677 3597 metuendum
1706 3538 1898 3607 esset,
1941 3531 2149 3591 male-t
