2236 3932
653 218 733 259 nn
779 216 1005 260 cAssxo
1042 214 1408 258 mmmm.
1883 195 2007 257 189

108 358 341 419 dicant.
442 357 787 437 Utrumque
841 361 1056 416 autem
1110 351 1338 414 falsum
1393 371 1531 413 esse
1546 395 1566 429 ,
1635 351 1803 412 infra
1844 359 1896 426 §.
1943 355 2007 413 7.

108 458 496 518 docebimus-
579 454 926 517 Enimvero
949 453 1342 515 Rezzonicus
1385 452 1555 532 apud
1597 451 1871 511 Plinium
1909 452 2009 512 in·

107 557 278 618 venit
319 556 604 617 Cassium
643 551 820 636 jussu
849 551 1179 614 Octaviani
1220 535 1502 613 Caesaris
1544 555 1840 611 necatum
1871 550 1917 610 i.
1947 570 2009 610 e.

108 654 391 715 Cassium
437 654 877 714 Parmensem:
936 652 1004 712 id
1047 653 1216 733 quod
1253 651 1459 733 posito
1483 650 1706 731 quovis
1747 650 2011 732 pignore

107 753 538 813 contenderim
552 750 1015 812 inconsiderate
1042 752 1121 811 ab
1153 771 1231 812 eo
1259 751 1563 832 scripum]
1588 769 1746 810 esse.
1792 748 2010 829 Quod-

107 852 161 912 si
202 851 592 913 Rezzonicus
640 850 799 910 inde
822 851 1117 931 *probare
1159 851 1332 927 vult,
1392 849 1761 911 Cornelium
1799 847 2011 929 Nepo-

106 958 237 1012 tem
276 951 540 1011 Parmae
582 949 1030 1011 vindicandum
1073 968 1216 1010 esse
1270 951 1510 1026 civem,
1565 946 1902 1008 manifesto
1943 947 2013 1006 in

107 1048 393 1133 ejusdem
433 1054 860 1127 παραλογισμοῦ
918 1050 1163 1110 crimen
1202 1049 1495 1125 incurrit,
1552 1049 1634 1109 (le
1676 1067 1807 1128 quo
1849 1044 2015 1108 Maf-

106 1147 303 1232 fejum
345 1150 516 1210 haud
558 1146 790 1231 injuria
828 1150 1174 1230 postulasse
1214 1148 1400 1208 nobis
1441 1147 1752 1208 videmur.

278 1249 579 1331 Apertum
643 1255 772 1324 est,
841 1249 1001 1308 nihil
1056 1248 1175 1308 hac
1229 1248 1300 1306 in
1373 1265 1593 1306 caussa
1664 1246 2012 1327 quidquam

106 1348 327 1431 profici
368 1369 587 1430 posse,
641 1348 766 1409 nisi
806 1347 1178 1429 investigata
1217 1343 1408 1406 fuerit
1455 1346 1656 1425 patria
1696 1347 1848 1406 urbs
1892 1344 2015 1406 Se-

66 1454 69 1455 ’
107 1449 246 1511 veri
285 1448 449 1509 illius
464 1492 484 1524 ,
529 1444 706 1530 cujus
749 1445 1099 1526 municipes
1142 1464 1180 1505 a
1209 1443 1413 1504 Plinio
1457 1444 1848 1524 appellantur
1887 1444 2014 1505 Ne·-

107 1569 226 1629 pos
268 1555 335 1608 et
376 1547 457 1608 T.
495 1547 765 1608 CassiuS.
853 1544 1091 1627 Tetigit
1132 1562 1273 1604 eam
1315 1530 1455 1603 rem
1498 1542 1687 1603 etiam
1728 1543 2011 1619 HeldiuS,

107 1646 217 1727 qui
269 1666 403 1706 non
467 1652 710 1706 temere
765 1644 1110 1725 suspicatus
1166 1649 1266 1703 est
1278 1687 1299 1720 ,
1371 1642 1694 1703 Herennio
1749 1640 2012 1719 Severo,

0 1805 4 1813 ,
106 1742 282 1828 cujus
352 1744 613 1805 nomine
682 1743 922 1804 Plinius
988 1744 1247 1804 illorum
1301 1741 1606 1824 imagines
1674 1741 2014 1825 rogaverit,

105 1844 294 1905 etiam
347 1844 715 1925 inscriptam
772 1863 910 1905 esse
954 1840 1138 1902 Libri
1177 1841 1294 1902 ΠΙ.
1338 1841 1688 1923 Epistolam
1717 1843 1778 1902 6.
1794 1885 1814 1919 ,
1859 1841 2010 1903 licet

1 1959 11 1967 ·
72 1968 73 1971 ¹
105 1945 196 2004 ibi
238 1943 604 2024 simpliciter
644 1943 1010 2004 nominetur
1039 1940 1336 2004 Severus.
1422 1941 1486 2002 Is
1514 1947 1728 2003 autem
1757 1939 1892 2017 fuit,
1936 1946 2013 2000 ut

106 2065 192 2105 ex
235 2043 353 2104 hac
392 2043 529 2123 ipsa
570 2041 854 2124 Epistola
892 2051 946 2116 §.
974 2042 1036 2102 4.
1082 2027 1288 2126 colligi
1343 2047 1589 2123 potest,
1665 2039 2011 2102 Comensis.

103 2143 386 2225 Epistola
413 2148 645 2219 autem,
690 2143 770 2203 de
798 2163 927 2223 qua
954 2142 1368 2223 disputamuS,
1418 2141 1564 2201 data
1594 2160 1733 2202 esse
1765 2141 2014 2203 videtur

105 2245 184 2306 ad
200 2242 494 2304 Catilium
509 2242 840 2319 Severum,
884 2249 953 2303 ut
979 2239 1111 2325 jam
1139 2242 1300 2304 vidit
1326 2240 1640 2324 Gierigius
1669 2241 1748 2301 ad
1763 2239 1943 2300 Libri
1955 2239 2010 2299 I.

104 2342 302 2424 Epist.
330 2344 437 2403 22.
482 2348 545 2403 et
585 2342 899 2423 probabili
942 2343 1286 2404 admodum
1312 2337 1673 2423 conjectura
1700 2340 1782 2401 ad
1830 2360 2013 2401 eum-

110 2444 259 2503 dem
299 2441 510 2502 retulit
551 2441 734 2503 Libri
760 2443 833 2504 V.
876 2432 1077 2524 Epist.
1112 2444 1169 2503 l.
1216 2447 1282 2503 et
1322 2439 1499 2500 Libr.
1527 2439 1643 2499 IX.
1671 2438 1871 2521 Epist.
1904 2441 2009 2501 22.

106 2540 222 2603 Ille
263 2538 384 2600 fuit
425 2540 661 2603 amicus
674 2585 695 2618 ,
749 2562 939 2623 quem
983 2541 1225 2601 Plinius
1282 2542 1365 2601 ob
1409 2560 1728 2601 summum
1769 2540 2014 2600 littera-

107 2661 254 2701 rum
311 2659 595 2701 amorem
646 2641 856 2724 magni
910 2639 1213 2718 faciebat,
1286 2661 1567 2722 quocum
1616 2639 1813 2717 seria,
1871 2636 2014 2722 joca

106 2740 329 2823 agebat
374 2747 437 2801 et
479 2739 583 2801 cui
624 2741 817 2803 varia·
840 2740 1083 2801 solebat
1123 2737 1452 2823 injungere
1478 2738 1750 2822 negotia.
1828 2738 2012 2799 Haud

108 2840 300 2901 dubie
339 2839 410 2899 in
451 2839 632 2900 titulo
675 2836 864 2922 hujus
906 2838 1229 2920 Epistolae
1273 2844 1418 2901 ante
1457 2860 1526 2900 n.
1568 2837 1791 2899 Severi
1828 2837 2009 2900 exci-

108 2940 202 2999 ‹lit
243 2959 477 3000 nomen
521 2939 911 3021 gentilicium
946 2938 1199 3001 Catilii:
1244 2939 1346 3000 cui
1373 2939 1635 3021 quidem
1664 2935 2010 3019 suspicioni

107 3039 323 3101 favent
378 3040 578 3101 Codd.
638 3047 701 3099 et
755 3039 947 3100 Editt.
1017 3045 1210 3114 vett„
1283 3039 1352 3099 in
1406 3039 1635 3121 quibus
1690 3037 2010 3100 invenitur

106 3138 284 3199 Iulio
340 3140 571 3199 Severo
626 3138 731 3201 vel
788 3137 1016 3200 Annio
1068 3141 1298 3200 Severo
1315 3162 1336 3200 e
1395 3139 1527 3202 vid.
1573 3136 1883 3220 Gierigius
1926 3131 2008 3197 ad

108 3237 284 3299 Libr.
314 3237 365 3300 1.
410 3239 475 3301 6.
518 3244 582 3299 et
624 3237 695 3299 V.
734 3238 794 3299 l.
909 3237 1129 3320 Neque
1180 3239 1488 3300 absonum
1546 3243 1642 3300 est
1709 3241 2005 3313 statuere,

105 3338 381 3400 Plinium
437 3358 582 3400 suos
624 3338 860 3399 amicos
916 3359 1087 3401 nunc
1129 3337 1538 3423 cognomine,
1593 3355 1764 3399 nunc
1806 3334 2011 3419 genti-

105 3439 249 3501 licio
293 3444 564 3514 tantum,
608 3458 778 3499 nunc
807 3444 1077 3519 utroque
1108 3438 1456 3520 appellasse
1483 3437 1759 3498 nomine.
1834 3434 2011 3516 Qua-

105 3546 365 3621 propter
392 3538 682 3601 Catilium
720 3538 935 3616 ilhun,
981 3538 1083 3599 cui
1109 3537 1408 3600 festivum
1451 3535 1805 3620 epistolium
1828 3531 2009 3595 Libr.

106 3638 219 3702 ΠΙ.
252 3640 350 3703 13.
377 3638 746 3721 inscriptum
779 3643 896 3716 est,
939 3635 1109 3700 hunc
1130 3637 1343 3722 ipsum
1373 3635 1667 3699 Catilium
1696 3633 2010 3700 Severum
