2236 3932
720 197 804 238 nn
853 198 911 237 ι..
943 197 1150 237 VAmo
1198 198 1437 237 romum.
1933 179 2020 239 67

118 354 288 398 anno
329 332 661 416 Virgilium
702 331 936 393 obiisse
989 337 1234 393 constat
1246 328 1342 410 ⁵⁸).
1442 331 1580 394 Hoc
1620 331 1812 415 igitur
1854 340 2020 396 tem-

117 454 278 517 pore
317 432 546 493 Varius
586 430 654 490 in
693 430 855 492 vivis
898 430 1104 493 adhuc
1145 436 1286 492 erat
1326 436 1393 491 et
1431 437 1660 512 poetae
1685 431 1874 494 laude
1902 433 2021 496 flo-

117 535 319 595 rebat.
403 529 670 613 Virgilio
713 534 928 590 autem
953 530 1021 591 in
1064 529 1397 592 Graeciam
1437 529 1881 611 proficiscenti,
1924 541 2019 611 ut,

119 638 377 693 auctore
406 629 658 690 Donato
684 627 756 688 in
781 627 912 688 Vit.
939 628 1162 712 Virgil.
1197 650 1252 691 c.
1277 628 1457 690 ΧΙΠ.
1501 637 1552 703 ς.
1583 630 1709 707 51.,
1752 631 2022 694 Aeneidi

117 730 408 790 ultimam
445 747 708 788 manum
733 727 1129 808 imponeret,
1174 728 1449 790 dubitari
1489 729 1605 791 vix
1631 735 1838 811 potest
1867 732 2024 812 quin

116 826 507 907 inscripserit
535 826 835 887 Horatius
876 826 1053 888 Libr.
1086 827 1140 887 Ι.
1186 826 1395 888 Odam
1437 828 1815 909 tertianam).
1847 875 1850 878 -
1888 829 2023 901 Sed

118 947 266 989 cum
322 926 428 987 ille
481 925 607 987 iter
646 924 969 1008 ingressus
1010 926 1279 988 Athenis
1321 928 1697 990 occurrisset
1737 928 2024 1012 Augusto

116 1046 198 1088 ex
253 1023 518 1097 Oriente
573 1023 844 1086 Romam
909 1026 1254 1088 revertenti
1270 1070 1291 1104 ,
1364 1047 1492 1088 una
1552 1048 1696 1089 cum
1751 1026 2024 1091 Caesare

115 1125 305 1186 rediit
347 1131 412 1212 et
451 1124 681 1185 morbo
726 1145 1068 1206 oppressus
1110 1125 1434 1186 Brundisii
1474 1127 1796 1188 decubuit.
1879 1126 2026 1191 Jam

115 1224 311 1286 morti
350 1223 683 1305 proximus
725 1224 954 1284 dicitur
993 1224 1282 1305 impense
1305 1244 1557 1307 rogasse
1585 1225 1820 1287 amicos
1853 1247 2023 1307 suoS,

116 1329 187 1383 ut
229 1323 283 1382 si
324 1344 457 1383 non
501 1322 716 1383 omnia
771 1322 1005 1403 scripta
1019 1366 1043 1401 ,
1097 1322 1322 1383 saltem
1362 1323 1747 1403 Aeneidem,
1806 1332 2026 1408 utpote

116 1423 405 1483 nondum
461 1422 610 1482 satis
651 1421 1002 1496 elimatam,
1063 1419 1535 1482 comburerent.
1634 1420 1835 1505 Hujus
1876 1446 2027 1486 nar-

117 1522 383 1582 rationis
425 1520 618 1580 fidem
657 1524 985 1600 praestant
1023 1517 1267 1580 Plinius
1309 1518 1383 1579 N.
1417 1520 1496 1580 Η.
1525 1519 1707 1582 Libr.
1743 1522 1889 1584 VH.
1918 1525 2025 1586 30.

119 1619 190 1682 S.
220 1621 326 1680 31.
369 1617 513 1680 Vol.
542 1616 658 1678 III.
700 1639 765 1699 p.
798 1618 939 1678 144.
964 1616 1146 1696 Frz.,
1202 1618 1283 1679 A.
1329 1616 1574 1681 Gellius
1616 1619 1692 1682 N.
1727 1621 1806 1682 A.
1844 1621 2026 1685 Libr.

116 1718 325 1780 XVII.
369 1739 425 1780 c.
470 1716 571 1778 10.
615 1721 682 1778 et
722 1715 1082 1778 Macrobius
1125 1716 1258 1780 Sat.
1300 1716 1482 1779 Libr.
1508 1719 1563 1780 Ι.
1608 1740 1664 1782 c.
1697 1721 1803 1783 24.
1861 1722 2033 1805 „qui

118 1840 329 1893 emm,
399 1816 638 1899 inquit,
709 1814 998 1877 moriens
1042 1836 1290 1899 poema
1342 1839 1537 1878 saum
1577 1819 1819 1898 legavit
1857 1820 2024 1899 igni,

118 1916 278 2000 quid
331 1915 471 1978 nisi
503 1916 755 1997 famae
807 1936 969 1976 suae
1023 1917 1301 1977 vulnera
1332 1917 1718 1999 posteritati
1766 1921 2026 1981 subtra-

116 2017 333 2078 henda
375 2014 636 2076 curavit
651 2009 685 2076 ?
723 2014 859 2077 Nec
901 2013 1251 2077 immerite.
1335 2016 1621 2078 Erubuit
1668 2017 1905 2101 quippe
1946 2021 2026 2080 de

82 2160 85 2163 <
116 2117 447 2198 sefuturoe
469 2113 774 2194 iudicia“
789 2121 948 2191 etc.;
992 2115 1083 2177 sic
1113 2115 1286 2177 enim
1298 2116 1402 2178 hic
1424 2116 1603 2178 locus
1631 2118 2026 2203 distinguen-

118 2217 236 2277 dus
290 2222 410 2278 est.
510 2214 672 2277 Cum
720 2214 822 2276 his
865 2215 1227 2276 auctoribus
1268 2214 1419 2278 facit
1459 2217 1742 2280 Donatus
1782 2219 1854 2279 in
1896 2219 2026 2280 Vit.

119 2315 344 2400 virgil.
389 2336 447 2378 c.
476 2314 647 2376 XIV.
688 2322 742 2390 §.
771 2312 914 2393 53„
959 2314 1071 2397 qui
1097 2315 1459 2399 Virgilium,
1504 2318 1850 2379 amicorum
1878 2338 2029 2400 pre·-

121 2416 300 2477 cibus
357 2415 631 2491 victum,
691 2415 772 2476 ab
831 2415 954 2476 isto
1011 2416 1272 2476 consilio
1317 2416 1632 2479 destitisse
1688 2423 1754 2479 et
1797 2418 2028 2499 scripta

122 2534 238 2575 sua
277 2513 487 2576 Plotio
545 2514 797 2576 Tuccae
853 2521 920 2576 et
975 2512 1054 2575 L.
1109 2514 1293 2576 Vario
1352 2516 1471 2576 sub
1530 2536 1606 2578 ea
1663 2518 2027 2580 conditione

120 2614 362 2697 legasse
404 2612 636 2691 refert,
678 2634 763 2675 ne
804 2614 960 2694 quid
1002 2614 1339 2692 adderent,
1385 2617 1558 2696 quod
1601 2636 1639 2678 a
1681 2637 1750 2677 se
1786 2617 2027 2679 editum

120 2734 255 2775 non
295 2722 495 2791 esset,
540 2720 604 2775 et
631 2733 854 2775 versus
884 2712 1075 2774 etiam
1105 2712 1523 2794 imperfectos,
1567 2717 1621 2778 si
1647 2716 1760 2798 qui
1794 2722 2026 2794 essent,

121 2814 554 2895 relinquerent
568 2813 667 2894 ⁶⁰).
765 2812 804 2875 J
808 2819 949 2874 usto
1006 2813 1322 2874 morosior
1373 2814 1456 2876 sit
1508 2816 1578 2877 in
1634 2816 2026 2897 exploranda

263 2987 358 3043 58)
394 2984 598 3035 Secutus
646 3003 756 3035 sum
790 2983 893 3035 Jac.
929 2982 1126 3033 Hem-ici
1172 3002 1263 3034 vau
1298 2984 1530 3036 Reenenii
1566 2988 1849 3036 sententiam
1883 2986 2024 3036 docte

123 3064 174 3106 et
230 3058 470 3107 subtiliter
523 3059 789 3120 expositam
858 3058 907 3105 in
968 3055 1316 3118 Disputatione
1372 3057 1899 3121 Philologtco-critica
1961 3056 2027 3107 de

178 3164 192 3178 .
230 3128 442 3179 Horatii
476 3128 654 3180 Flacci
686 3129 918 3192 Epistola
972 3126 1046 3177 ad
1077 3127 1294 3180 Pisones.
1346 3129 1722 3192 (Amstelodami
1758 3134 1911 3183 1806.
1948 3132 2023 3189 4.)

169 3215 244 3262 ap.
268 3198 360 3249 ΙΙΙ.
397 3217 445 3262 p.
476 3204 597 3264 57„
658 3202 874 3264 quamvis
926 3202 975 3247 in
1023 3199 1217 3248 dubium
1255 3219 1404 3265 nuper
1437 3211 1651 3252 vocatam
1688 3219 1714 3250 a
1751 3199 2026 3250 Kirchnero

126 3272 175 3319 in
213 3268 415 3334 Quaen.
458 3269 629 3322 Horat.
680 3290 729 3336 p.
772 3277 891 3333 39„
941 3273 1076 3337 cujus
1124 3272 1313 3334 plenam
1361 3292 1418 3325 ea
1456 3274 1516 3324 de
1548 3291 1602 3323 re
1655 3273 2024 3335 disputationem

124 3341 296 3404 cupide
331 3353 572 3404 exspecto.

271 3417 360 3471 59)
400 3411 680 3462 Confer-amr
723 3411 948 3479 Heynius
982 3414 1033 3463 ia
1067 3412 1176 3465 Vit.
1212 3413 1413 3481 Virgilii
1449 3431 1537 3479 per
1572 3430 1717 3464 annos
1753 3413 1925 3480 digest.
1963 3414 2024 3465 ad

124 3500 205 3536 tn·
244 3490 365 3537 73⁵.
405 3503 453 3547 p.
475 3482 721 3536 Cxxul.

270 3561 363 3616 60)
411 3554 551 3622 Quae
602 3567 761 3606 contre
808 3555 927 3607 hanc
972 3559 1285 3608 narrationem
1335 3556 1597 3623 disputavit
1631 3553 1795 3610 ΒΜΔ.
1821 3556 2025 3609 Barcen·

127 3629 251 3676 stein
287 3630 337 3677 in
375 3626 684 3685 prolusione:
737 3629 840 3679 Gur
879 3628 936 3678 V
931 3630 1127 3694 irgilius
1162 3633 1368 3680 moriens
1401 3628 1637 3680 Aeneida
1671 3627 1888 3680 comburi
1907 3631 2023 3697 jus-

1562 3716 1660 3775 5*
