2236 3932
215 142 301 204 88
786 165 886 207 DE.
927 166 984 205 L.
1020 165 1225 207 immo
1271 165 1510 206 roE'rA.

218 317 350 357 non
391 300 522 358 tam
563 296 928 361 facultatem
942 344 960 376 ,
993 320 1199 380 quam
1239 300 1632 363 voluntatem
1663 299 1969 361 cothurno
2010 298 2111 359 in-

219 396 605 457 clarescendi
629 398 973 459 Mantuano
1005 399 1236 458 Poetae
1276 398 1548 460 defuisse
1581 397 1903 484 significat·-
1973 397 2112 458 Sic-

221 500 298 554 ut
339 501 552 556 autem
594 497 750 556 alios
792 504 1008 578 poetas
1053 502 1298 556 constat
1338 498 1406 558 in
1454 499 1716 561 diversis
1769 495 2114 557 carminum

217 593 553 675 generibus
609 596 810 654 otium
880 614 1254 655 consumere
1311 597 1529 657 solitos
1593 617 1762 669 esse3
1833 595 1924 654 ita
1977 594 2116 655 veri

216 692 387 775 haud
432 693 731 751 dissimile
762 694 875 751 'est
888 734 914 768 ,
979 691 1314 774 Virgilium
1369 716 1626 775 quoque
1677 694 1973 776 privatim
2017 692 2118 751 sui

216 790 451 873 ingenii
491 791 661 852 vires
704 790 774 849 in
815 790 1048 873 tragico
1090 792 1302 871 poesis
1349 813 1580 875 genere
1622 813 1760 855 esse
1801 792 2117 873 periclita-

218 894 380 950 tum.
476 889 560 948 At
601 885 912 970 ejusmodi
961 911 1124 973 opus
1171 911 1472 971 umquam
1515 894 1592 952 ab
1637 912 1713 953 eo
1759 891 2123 973 evulgatum

219 1006 362 1049 esse
419 991 492 1045 ut
541 986 683 1067 ipse
737 1006 966 1069 negem
979 997 1010 1066 ,ἢ
1071 1010 1217 1051 cum
1260 991 1397 1050 aliar
1409 991 1576 1051 mihi
1619 992 1917 1068 suadent,
1978 995 2118 1052 tum

218 1084 506 1167 inprimis
549 1086 884 1146 auctoritas
917 1087 1153 1149 Donati
1194 1089 1456 1150 minime
1500 1091 1873 1170 spernenda.
1963 1088 2119 1148 Ser-

218 1185 361 1246 vius
415 1189 629 1246 autem
681 1184 917 1246 fallitur
973 1188 1188 1249 dicens
1203 1233 1226 1266 ,
1298 1209 1610 1269 nusquam
1651 1189 1800 1248 alibi
1844 1190 1924 1248 de
1967 1186 2119 1247 Vir-

217 1283 352 1366 gilii
408 1303 554 1351 cum
609 1305 817 1345 uxore
859 1285 1035 1348 Varii
1091 1288 1547 1350 consuetudine
1590 1287 1950 1368 quidquam.
1973 1285 2118 1367 legi.

216 1381 377 1444 Nam
416 1382 703 1444 Donatus
742 1384 812 1446 in
856 1386 1003 1446 Vita
1043 1387 1269 1470 Virgil.
1312 1407 1370 1449 c.
1399 1387 1473 1448 V.
1517 1395 1569 1460 §.
1606 1386 1709 1447 20.
1737 1407 1832 1467 sq.
1874 1390 2119 1447 narrat:

217 1482 488 1557 „Fama
519 1492 640 1557 est,
682 1503 830 1544 eum
861 1483 1151 1546 libidini-s
1167 1485 1505 1568 pronioris
1530 1485 1603 1545 ‘in
1622 1482 2120 1567 puero-sfuisse.

217 1582 346 1640 Sed
401 1580 557 1641 boni
604 1580 703 1641 ita
760 1603 907 1643 eum
952 1606 1198 1666 pueros
1253 1606 1511 1645 amasse
1541 1592 1950 1666 putaverant
1964 1625 1986 1655 ,
2045 1590 2122 1641 ut

218 1681 516 1739 Socrates
545 1678 958 1745 Alcibiadem
1000 1693 1062 1743 et
1102 1685 1294 1745 Plato
1336 1705 1488 1744 suos
1527 1689 1787 1765 puero-3.
1879 1682 2123 1746 Verum

218 1776 390 1837 inter
446 1798 666 1839 omnes
717 1779 1010 1841 maxime
1067 1781 1297 1843 dilexit
1357 1782 1638 1845 Cebetem
1703 1791 1765 1842 et
1817 1780 1887 1842 A
1891 1782 2124 1840 leoean-

220 1876 414 1936 drum
425 1919 446 1952 ,
513 1899 700 1960 quem
754 1881 1039 1940 secunda
1066 1879 1545 1941 -Bucolicoram
1585 1881 1830 1958 Ecloga
1871 1878 1941 1940 A
1944 1878 2125 1939 lexin

219 1976 550 2056 appellat,
595 1978 916 2039 donatum
941 1978 1067 2040 sibi
1087 1979 1170 2039 ab
1194 1978 1433 2042 Asinio
1460 1978 1774 2041 Pollione.
1860 1980 2125 2040 Utram-

221 2095 344 2155 que
390 2095 528 2137 non
583 2074 984 2149 ineruditum
1037 2078 1313 2141 demisit.-
1379 2077 1846 2140 Alexandrum
1897 2098 2126 2155 gram·

219 2172 533 2235 mat-icum
545 2218 568 2252 ‚
621 2176 906 2238 Cebetem
945 2198 1096 2238 vero
1138 2188 1201 2238 et
1239 2188 1522 2261 poetam.
1615 2178 1686 2240 V
1675 2179 1975 2255 ulgatum
2005 2184 2124 2254 est,

222 2273 624 2337 consuevisse
660 2296 807 2336 eam
850 2298 996 2338 cum
1037 2276 1255 2347 Plotia
1296 2276 1554 2340 Hieria.
1639 2278 1766 2338 Sed
1800 2273 2127 2337 Asconius

221 2370 553 2438 Pedianus
609 2375 919 2456 cfffirmat
931 2419 957 2452 ,
1027 2375 1244 2458 ipsam
1300 2386 1534 2459 postea
1590 2378 1906 2454 maJ'orem
1959 2383 2128 2434 natu

221 2490 508 2532 narrare
535 2473 819 2550 solitam,
863 2474 1214 2536 invitatum
1237 2475 1493 2558 quidem
1524 2498 1568 2536 a
1604 2474 1810 2539 Vario
1839 2476 1931 2535 ad
1955 2495 2127 2534 com-

222 2568 599 2635 munionem
652 2572 792 2648 sui,
866 2596 1096 2639 veram
1142 2573 1666 2657 pertinacissime
1720 2577 2128 2635 recusasse.“

224 2668 361 2744 Qua
415 2670 487 2730 in
542 2673 902 2734 narratione
963 2695 1090 2754 quo
1145 2674 1357 2734 minus
1400 2674 1631 2734 Donati
1671 2672 1883 2733 fidem¹
1906 2691 2128 2754 suspe-

225 2773 390 2829 ctam
446 2770 826 2850 habeamus,
897 2773 1104 2835 obstat
1160 2793 1502 2856 permagna
1555 2772 1815 2833 Asconii
1867 2764 2128 2833 Pediani

226 2869 558 2930 auctoritas
572 2913 594 2947 ,
659 2890 785 2950 qua
800 2913 821 2947 ‚
878 2872 1192 2953 quidquid
1245 2871 1351 2933 hic
1395 2872 1475 2932 ‹le
1517 2871 1764 2954 Virgilii
1807 2871 2127 2932 amoribus

225 2965 497 3028 relatum
520 2969 809 3052 legimuS,
853 2971 969 3030 niti
994 2977 1283 3052 apertum
1311 2977 1427 3034 est.
1491 2969 1893 3052 Exposuerat
1919 2976 2128 3031 autem

225 3062 335 3126 ille
386 3065 507 3128 hac
563 3069 642 3129 de
684 3088 758 3129 re
804 3069 940 3130 sine
986 3071 1178 3131 dubio
1231 3071 1302 3130 in
1341 3070 1504 3131 libro
1550 3070 1630 3130 de
1676 3063 2128 3130 Obtrectatori-

227 3165 348 3224 bus
391 3165 674 3249 Virgilii,
717 3173 788 3227 ut
830 3175 998 3230 recte
1041 3170 1288 3230 monuit
1328 3169 1612 3251 Heynius
1627 3212 1647 3246 ,
1690 3168 1761 3227 in
1804 3189 1881 3230 eo
1911 3176 2126 3230 tamen

227 3261 422 3325 falsus
435 3310 457 3343 ,
502 3268 706 3346 quod,
750 3287 914 3349 quae
956 3288 1042 3328 ex
1087 3269 1296 3332 Servii
1341 3267 1818 3329 Commentariis
1862 3289 1898 3331 a
1939 3269 2125 3328 nobis

229 3374 420 3443 supra
462 3366 726 3450 allegata
767 3372 862 3429 est
900 3368 1177 3429 narratio
1192 3410 1214 3446 ‚
1274 3377 1417 3430 e'am
1461 3367 1649 3429 aliam
1690 3386 1766 3428 ac
1807 3367 2125 3429 diversam

228 3478 370 3525 esse
410 3469 609 3543 putat.

399 3562 745 3646 Utramque
799 3565 1258 3645 narrationem-9
1326 3567 1818 3650 subturpictdam
1864 3562 2121 3645 quidem
