<?xml version="1.0" encoding="UTF-8"?>
<!DOCTYPE html PUBLIC "-//W3C//DTD XHTML 1.0 Transitional//EN"
    "http://www.w3.org/TR/xhtml1/DTD/xhtml1-transitional.dtd">
<html xmlns="http://www.w3.org/1999/xhtml" xml:lang="en" lang="en">
 <head>
  <title>
</title>
<meta http-equiv="Content-Type" content="text/html;charset=utf-8" />
  <meta name='ocr-system' content='tesseract 3.04.00' />
  <meta name='ocr-capabilities' content='ocr_page ocr_carea ocr_par ocr_line ocrx_word'/>
</head>
<body>
  <div class='ocr_page' id='page_1' title='image "./deluciivariietca00weicuoft_0325.png"; bbox 0 0 2236 3932; ppageno 0'>
   <div class='ocr_carea' id='block_1_1' title="bbox 846 164 2018 225">
    <p class='ocr_par' dir='ltr' id='par_1_1' title="bbox 846 164 2018 225">
     <span class='ocr_line' id='line_1_1' title="bbox 846 164 2018 225; baseline 0.003 -3"><span class='ocrx_word' id='word_1_1' title='bbox 846 164 1188 225; x_wconf 74' lang='lat' dir='ltr'>Excunsus</span> <span class='ocrx_word' id='word_1_2' title='bbox 1235 186 1281 224; x_wconf 89' lang='lat'>1.</span> <span class='ocrx_word' id='word_1_3' title='bbox 1893 165 2018 225; x_wconf 80' lang='lat'>307</span> 
     </span>
    </p>
   </div>
   <div class='ocr_carea' id='block_1_2' title="bbox 85 317 2020 3596">
    <p class='ocr_par' dir='ltr' id='par_1_2' title="bbox 105 317 2020 1573">
     <span class='ocr_line' id='line_1_2' title="bbox 111 317 2017 400; baseline 0.001 -20"><span class='ocrx_word' id='word_1_4' title='bbox 111 325 180 380; x_wconf 85' lang='lat' dir='ltr'>et</span> <span class='ocrx_word' id='word_1_5' title='bbox 225 319 315 380; x_wconf 85' lang='lat' dir='ltr'>-ad</span> <span class='ocrx_word' id='word_1_6' title='bbox 374 324 622 398; x_wconf 86' lang='lat' dir='ltr'>patrem</span> <span class='ocrx_word' id='word_1_7' title='bbox 677 338 862 378; x_wconf 91' lang='lat' dir='ltr'>suum</span> <span class='ocrx_word' id='word_1_8' title='bbox 885 390 890 397; x_wconf 90' lang='lat'>.</span> <span class='ocrx_word' id='word_1_9' title='bbox 917 318 1170 390; x_wconf 80' lang='lat' dir='ltr'>retulit:</span> <span class='ocrx_word' id='word_1_10' title='bbox 1243 339 1371 400; x_wconf 89' lang='lat' dir='ltr'>quo</span> <span class='ocrx_word' id='word_1_11' title='bbox 1430 317 1686 379; x_wconf 87' lang='lat' dir='ltr'>nomine</span> <span class='ocrx_word' id='word_1_12' title='bbox 1729 318 2017 382; x_wconf 87' lang='lat' dir='ltr'>laudatur</span> 
     </span>
     <span class='ocr_line' id='line_1_3' title="bbox 113 416 2016 500; baseline 0.001 -22"><span class='ocrx_word' id='word_1_13' title='bbox 113 439 150 478; x_wconf 83' lang='lat' dir='ltr'>a</span> <span class='ocrx_word' id='word_1_14' title='bbox 212 417 517 479; x_wconf 83' lang='lat' dir='ltr'>Cicerone</span> <span class='ocrx_word' id='word_1_15' title='bbox 573 418 652 476; x_wconf 81' lang='lat' dir='ltr'>(le</span> <span class='ocrx_word' id='word_1_16' title='bbox 705 416 846 476; x_wconf 87' lang='lat' dir='ltr'>Fin.</span> <span class='ocrx_word' id='word_1_17' title='bbox 909 418 1087 477; x_wconf 79' lang='lat' dir='ltr'>Libr.</span> <span class='ocrx_word' id='word_1_18' title='bbox 1135 417 1219 479; x_wconf 89' lang='lat' dir='ltr'>II.</span> <span class='ocrx_word' id='word_1_19' title='bbox 1277 439 1331 480; x_wconf 76' lang='lat' dir='ltr'>c.</span> <span class='ocrx_word' id='word_1_20' title='bbox 1367 419 1466 478; x_wconf 86' lang='lat'>19.</span> <span class='ocrx_word' id='word_1_21' title='bbox 1511 426 1560 492; x_wconf 82' lang='lat'>§.</span> <span class='ocrx_word' id='word_1_22' title='bbox 1604 417 1709 478; x_wconf 84' lang='lat'>62.</span> <span class='ocrx_word' id='word_1_23' title='bbox 1755 419 1908 500; x_wconf 87' lang='lat' dir='ltr'>ibiq.</span> <span class='ocrx_word' id='word_1_24' title='bbox 1953 442 2016 482; x_wconf 85' lang='lat' dir='ltr'>v.</span> 
     </span>
     <span class='ocr_line' id='line_1_4' title="bbox 112 515 2020 598; baseline 0.001 -20"><span class='ocrx_word' id='word_1_25' title='bbox 112 516 428 578; x_wconf 83' lang='lat' dir='ltr'>Goerenz.</span> <span class='ocrx_word' id='word_1_26' title='bbox 530 515 764 595; x_wconf 82' lang='lat' dir='ltr'>Itaque</span> <span class='ocrx_word' id='word_1_27' title='bbox 797 516 902 576; x_wconf 89' lang='lat' dir='ltr'>hic</span> <span class='ocrx_word' id='word_1_28' title='bbox 949 538 1205 597; x_wconf 89' lang='lat' dir='ltr'>quoque</span> <span class='ocrx_word' id='word_1_29' title='bbox 1250 518 1610 598; x_wconf 82' lang='lat' dir='ltr'><strong>Torquatus</strong></span> <span class='ocrx_word' id='word_1_30' title='bbox 1654 518 2020 579; x_wconf 81' lang='lat' dir='ltr'>existimau-</span> 
     </span>
     <span class='ocr_line' id='line_1_5' title="bbox 110 616 2019 695; baseline 0.003 -20"><span class='ocrx_word' id='word_1_31' title='bbox 110 618 226 677; x_wconf 87' lang='lat' dir='ltr'>dus</span> <span class='ocrx_word' id='word_1_32' title='bbox 269 623 362 677; x_wconf 90' lang='lat' dir='ltr'>est</span> <span class='ocrx_word' id='word_1_33' title='bbox 403 616 736 677; x_wconf 81' lang='lat' dir='ltr'><strong>Horatium</strong></span> <span class='ocrx_word' id='word_1_34' title='bbox 779 616 944 677; x_wconf 79' lang='lat' dir='ltr'>vitae</span> <span class='ocrx_word' id='word_1_35' title='bbox 990 617 1170 676; x_wconf 87' lang='lat' dir='ltr'>annis</span> <span class='ocrx_word' id='word_1_36' title='bbox 1211 618 1296 678; x_wconf 85' lang='lat' dir='ltr'>ita</span> <span class='ocrx_word' id='word_1_37' title='bbox 1341 617 1778 695; x_wconf 82' lang='lat' dir='ltr'>antecessisse,</span> <span class='ocrx_word' id='word_1_38' title='bbox 1823 624 1894 678; x_wconf 88' lang='lat' dir='ltr'>ut</span> <span class='ocrx_word' id='word_1_39' title='bbox 1939 621 2019 680; x_wconf 73' lang='lat' dir='ltr'>&lt;le</span> 
     </span>
     <span class='ocr_line' id='line_1_6' title="bbox 108 715 2019 798; baseline 0.001 -20"><span class='ocrx_word' id='word_1_40' title='bbox 108 737 188 778; x_wconf 87' lang='lat' dir='ltr'>eo</span> <span class='ocrx_word' id='word_1_41' title='bbox 231 738 362 777; x_wconf 90' lang='lat' dir='ltr'>non</span> <span class='ocrx_word' id='word_1_42' title='bbox 404 715 602 797; x_wconf 85' lang='lat' dir='ltr'>magis</span> <span class='ocrx_word' id='word_1_43' title='bbox 648 734 841 794; x_wconf 82' lang='lat' dir='ltr'>quam</span> <span class='ocrx_word' id='word_1_44' title='bbox 886 717 964 777; x_wconf 84' lang='lat' dir='ltr'>de</span> <span class='ocrx_word' id='word_1_45' title='bbox 1009 722 1187 796; x_wconf 87' lang='lat' dir='ltr'>patre</span> <span class='ocrx_word' id='word_1_46' title='bbox 1231 717 1422 777; x_wconf 87' lang='lat' dir='ltr'>scribi</span> <span class='ocrx_word' id='word_1_47' title='bbox 1461 718 1740 798; x_wconf 88' lang='lat' dir='ltr'>potuerit</span> <span class='ocrx_word' id='word_1_48' title='bbox 1784 739 1847 778; x_wconf 87' lang='lat' dir='ltr'>V.</span> <span class='ocrx_word' id='word_1_49' title='bbox 1882 720 2019 779; x_wconf 83' lang='lat'><strong>25.:</strong></span> 
     </span>
     <span class='ocr_line' id='line_1_7' title="bbox 106 815 2020 901; baseline 0.002 -27"><span class='ocrx_word' id='word_1_50' title='bbox 106 825 184 874; x_wconf 81' lang='lat' dir='ltr'>ut</span> <span class='ocrx_word' id='word_1_51' title='bbox 240 825 424 874; x_wconf 80' lang='lat' dir='ltr'>coeat</span> <span class='ocrx_word' id='word_1_52' title='bbox 476 836 608 895; x_wconf 79' lang='lat' dir='ltr'>par</span> <span class='ocrx_word' id='word_1_53' title='bbox 641 815 1091 897; x_wconf 72' lang='lat' dir='ltr'>jungaturque</span> <span class='ocrx_word' id='word_1_54' title='bbox 1121 815 1323 896; x_wconf 76' lang='lat' dir='ltr'>pari!</span> <span class='ocrx_word' id='word_1_55' title='bbox 1388 816 1638 878; x_wconf 87' lang='lat' dir='ltr'>Deinde</span> <span class='ocrx_word' id='word_1_56' title='bbox 1679 817 1849 878; x_wconf 86' lang='lat' dir='ltr'>idem</span> <span class='ocrx_word' id='word_1_57' title='bbox 1893 815 2020 901; x_wconf 82' lang='lat' dir='ltr'>jam</span> 
     </span>
     <span class='ocr_line' id='line_1_8' title="bbox 105 913 2020 979; baseline 0.002 -5"><span class='ocrx_word' id='word_1_58' title='bbox 105 915 272 974; x_wconf 86' lang='lat' dir='ltr'>inter</span> <span class='ocrx_word' id='word_1_59' title='bbox 326 921 605 975; x_wconf 87' lang='lat' dir='ltr'>oratores</span> <span class='ocrx_word' id='word_1_60' title='bbox 661 915 791 976; x_wconf 89' lang='lat' dir='ltr'>vita</span> <span class='ocrx_word' id='word_1_61' title='bbox 836 914 1166 977; x_wconf 86' lang='lat' dir='ltr'>defunctos</span> <span class='ocrx_word' id='word_1_62' title='bbox 1210 913 1482 975; x_wconf 85' lang='lat' dir='ltr'>refertur</span> <span class='ocrx_word' id='word_1_63' title='bbox 1522 935 1560 976; x_wconf 92' lang='lat' dir='ltr'>a</span> <span class='ocrx_word' id='word_1_64' title='bbox 1605 916 1912 979; x_wconf 81' lang='lat' dir='ltr'>Cicerone</span> <span class='ocrx_word' id='word_1_65' title='bbox 1954 918 2020 978; x_wconf 91' lang='lat' dir='ltr'>in</span> 
     </span>
     <span class='ocr_line' id='line_1_9' title="bbox 105 1014 2019 1100; baseline 0.003 -27"><span class='ocrx_word' id='word_1_66' title='bbox 105 1014 280 1073; x_wconf 90' lang='lat' dir='ltr'>Brut.</span> <span class='ocrx_word' id='word_1_67' title='bbox 337 1033 392 1074; x_wconf 91' lang='lat' dir='ltr'>c.</span> <span class='ocrx_word' id='word_1_68' title='bbox 432 1015 540 1074; x_wconf 82' lang='lat'>76.</span> <span class='ocrx_word' id='word_1_69' title='bbox 604 1022 655 1087; x_wconf 83' lang='lat'>§.</span> <span class='ocrx_word' id='word_1_70' title='bbox 706 1016 766 1074; x_wconf 89' lang='grc'>6.</span> <span class='ocrx_word' id='word_1_71' title='bbox 827 1015 1059 1075; x_wconf 88' lang='lat' dir='ltr'>Brutus</span> <span class='ocrx_word' id='word_1_72' title='bbox 1113 1021 1328 1075; x_wconf 71' lang='lat' dir='ltr'>autem·</span> <span class='ocrx_word' id='word_1_73' title='bbox 1372 1014 1696 1076; x_wconf 83' lang='lat' dir='ltr'>Ciceronis</span> <span class='ocrx_word' id='word_1_74' title='bbox 1753 1018 2019 1100; x_wconf 86' lang='lat' dir='ltr'>scriptus</span> 
     </span>
     <span class='ocr_line' id='line_1_10' title="bbox 108 1113 2020 1192; baseline 0.003 -19"><span class='ocrx_word' id='word_1_75' title='bbox 108 1119 200 1173; x_wconf 86' lang='lat' dir='ltr'>est</span> <span class='ocrx_word' id='word_1_76' title='bbox 245 1113 499 1173; x_wconf 90' lang='lat' dir='ltr'>circiter</span> <span class='ocrx_word' id='word_1_77' title='bbox 542 1135 708 1175; x_wconf 89' lang='lat' dir='ltr'>anno</span> <span class='ocrx_word' id='word_1_78' title='bbox 755 1115 828 1174; x_wconf 89' lang='lat' dir='ltr'>U.</span> <span class='ocrx_word' id='word_1_79' title='bbox 880 1114 947 1174; x_wconf 92' lang='lat' dir='ltr'>C.</span> <span class='ocrx_word' id='word_1_80' title='bbox 981 1116 1126 1175; x_wconf 87' lang='grc'><strong>709.</strong></span> <span class='ocrx_word' id='word_1_81' title='bbox 1143 1160 1161 1192; x_wconf 86' lang='grc'>,</span> <span class='ocrx_word' id='word_1_82' title='bbox 1219 1119 1293 1174; x_wconf 89' lang='lat' dir='ltr'>ut</span> <span class='ocrx_word' id='word_1_83' title='bbox 1330 1113 1677 1176; x_wconf 83' lang='lat' dir='ltr'>Wetzelius</span> <span class='ocrx_word' id='word_1_84' title='bbox 1720 1117 1908 1178; x_wconf 86' lang='lat' dir='ltr'>docet</span> <span class='ocrx_word' id='word_1_85' title='bbox 1953 1118 2020 1178; x_wconf 89' lang='lat' dir='ltr'>in</span> 
     </span>
     <span class='ocr_line' id='line_1_11' title="bbox 106 1211 2020 1295; baseline 0.002 -22"><span class='ocrx_word' id='word_1_86' title='bbox 106 1213 227 1284; x_wconf 76' lang='lat' dir='ltr'>Vit.</span> <span class='ocrx_word' id='word_1_87' title='bbox 272 1212 591 1274; x_wconf 87' lang='lat' dir='ltr'>Ciceronis</span> <span class='ocrx_word' id='word_1_88' title='bbox 621 1213 883 1294; x_wconf 82' lang='lat' dir='ltr'>Epistol.</span> <span class='ocrx_word' id='word_1_89' title='bbox 911 1213 1186 1275; x_wconf 82' lang='lat' dir='ltr'>Editioni</span> <span class='ocrx_word' id='word_1_90' title='bbox 1228 1211 1429 1295; x_wconf 85' lang='lat' dir='ltr'>praef.</span> <span class='ocrx_word' id='word_1_91' title='bbox 1473 1235 1538 1294; x_wconf 91' lang='lat' dir='ltr'>p.</span> <span class='ocrx_word' id='word_1_92' title='bbox 1570 1214 1673 1274; x_wconf 88' lang='lat'>38.</span> <span class='ocrx_word' id='word_1_93' title='bbox 1762 1215 1841 1276; x_wconf 86' lang='lat' dir='ltr'>Et</span> <span class='ocrx_word' id='word_1_94' title='bbox 1884 1217 2020 1278; x_wconf 89' lang='lat' dir='ltr'>sine</span> 
     </span>
     <span class='ocr_line' id='line_1_12' title="bbox 107 1311 2020 1395; baseline 0.004 -25"><span class='ocrx_word' id='word_1_95' title='bbox 107 1313 301 1373; x_wconf 81' lang='lat' dir='ltr'>(lubio</span> <span class='ocrx_word' id='word_1_96' title='bbox 357 1314 465 1373; x_wconf 85' lang='lat' dir='ltr'>ille</span> <span class='ocrx_word' id='word_1_97' title='bbox 521 1321 615 1374; x_wconf 86' lang='lat' dir='ltr'>est</span> <span class='ocrx_word' id='word_1_98' title='bbox 675 1314 1073 1394; x_wconf 79' lang='lat' dir='ltr'>TorquatUS‚</span> <span class='ocrx_word' id='word_1_99' title='bbox 1148 1333 1342 1393; x_wconf 88' lang='lat' dir='ltr'>quem</span> <span class='ocrx_word' id='word_1_100' title='bbox 1401 1333 1545 1372; x_wconf 90' lang='lat' dir='ltr'>cum</span> <span class='ocrx_word' id='word_1_101' title='bbox 1607 1311 1907 1395; x_wconf 87' lang='lat' dir='ltr'>Scipione</span> <span class='ocrx_word' id='word_1_102' title='bbox 1949 1317 2020 1378; x_wconf 88' lang='lat' dir='ltr'>in</span> 
     </span>
     <span class='ocr_line' id='line_1_13' title="bbox 105 1410 2017 1492; baseline 0.002 -20"><span class='ocrx_word' id='word_1_103' title='bbox 105 1410 405 1492; x_wconf 84' lang='lat' dir='ltr'>Hispania</span> <span class='ocrx_word' id='word_1_104' title='bbox 476 1413 784 1486; x_wconf 83' lang='lat' dir='ltr'>interiisse</span> <span class='ocrx_word' id='word_1_105' title='bbox 859 1418 1078 1473; x_wconf 89' lang='lat' dir='ltr'>narrat</span> <span class='ocrx_word' id='word_1_106' title='bbox 1145 1414 1390 1473; x_wconf 83' lang='lat' dir='ltr'>Auctor</span> <span class='ocrx_word' id='word_1_107' title='bbox 1457 1413 1535 1473; x_wconf 89' lang='lat' dir='ltr'>de</span> <span class='ocrx_word' id='word_1_108' title='bbox 1610 1413 1684 1472; x_wconf 90' lang='lat' dir='ltr'>B.</span> <span class='ocrx_word' id='word_1_109' title='bbox 1743 1413 2017 1478; x_wconf 84' lang='lat' dir='ltr'>African.</span> 
     </span>
     <span class='ocr_line' id='line_1_14' title="bbox 108 1513 316 1573; baseline 0.005 -1"><span class='ocrx_word' id='word_1_110' title='bbox 108 1533 164 1572; x_wconf 91' lang='lat' dir='ltr'>c.</span> <span class='ocrx_word' id='word_1_111' title='bbox 209 1513 316 1573; x_wconf 83' lang='lat'>96.</span> 
     </span>
    </p>

    <p class='ocr_par' dir='ltr' id='par_1_3' title="bbox 85 1611 2020 3596">
     <span class='ocr_line' id='line_1_15' title="bbox 279 1611 2018 1694; baseline 0.003 -22"><span class='ocrx_word' id='word_1_112' title='bbox 279 1611 571 1692; x_wconf 86' lang='lat' dir='ltr'>Denique</span> <span class='ocrx_word' id='word_1_113' title='bbox 629 1632 820 1693; x_wconf 88' lang='lat' dir='ltr'>quam</span> <span class='ocrx_word' id='word_1_114' title='bbox 875 1613 1181 1675; x_wconf 80' lang='lat' dir='ltr'>Dacerius</span> <span class='ocrx_word' id='word_1_115' title='bbox 1238 1614 1318 1674; x_wconf 90' lang='lat' dir='ltr'>de</span> <span class='ocrx_word' id='word_1_116' title='bbox 1369 1612 1684 1694; x_wconf 83' lang='lat' dir='ltr'>Torquati</span> <span class='ocrx_word' id='word_1_117' title='bbox 1729 1614 2018 1678; x_wconf 87' lang='lat' dir='ltr'>Consulis</span> 
     </span>
     <span class='ocr_line' id='line_1_16' title="bbox 106 1712 2019 1798; baseline 0.002 -26"><span class='ocrx_word' id='word_1_118' title='bbox 106 1717 338 1795; x_wconf 86' lang='lat' dir='ltr'>nepote</span> <span class='ocrx_word' id='word_1_119' title='bbox 383 1714 662 1793; x_wconf 86' lang='lat' dir='ltr'>quodam</span> <span class='ocrx_word' id='word_1_120' title='bbox 707 1713 917 1774; x_wconf 91' lang='lat' dir='ltr'>obiter</span> <span class='ocrx_word' id='word_1_121' title='bbox 945 1734 1020 1774; x_wconf 90' lang='lat' dir='ltr'>ac</span> <span class='ocrx_word' id='word_1_122' title='bbox 1045 1719 1288 1775; x_wconf 89' lang='lat' dir='ltr'>temere</span> <span class='ocrx_word' id='word_1_123' title='bbox 1317 1714 1666 1795; x_wconf 84' lang='lat' dir='ltr'>protulerat</span> <span class='ocrx_word' id='word_1_124' title='bbox 1696 1712 2019 1798; x_wconf 85' lang='lat' dir='ltr'>conjectu-</span> 
     </span>
     <span class='ocr_line' id='line_1_17' title="bbox 106 1812 2020 1895; baseline 0.003 -23"><span class='ocrx_word' id='word_1_125' title='bbox 106 1832 279 1890; x_wconf 82' lang='lat' dir='ltr'>ram,</span> <span class='ocrx_word' id='word_1_126' title='bbox 339 1832 480 1873; x_wconf 86' lang='lat' dir='ltr'>eam</span> <span class='ocrx_word' id='word_1_127' title='bbox 525 1813 753 1894; x_wconf 86' lang='lat' dir='ltr'>cupide</span> <span class='ocrx_word' id='word_1_128' title='bbox 796 1814 1061 1895; x_wconf 86' lang='lat' dir='ltr'>arripuit</span> <span class='ocrx_word' id='word_1_129' title='bbox 1085 1812 1480 1882; x_wconf 83' lang='lat' dir='ltr'>Sanadonus</span> <span class='ocrx_word' id='word_1_130' title='bbox 1523 1821 1621 1890; x_wconf 87' lang='lat' dir='ltr'>et,</span> <span class='ocrx_word' id='word_1_131' title='bbox 1675 1815 1822 1877; x_wconf 88' lang='lat' dir='ltr'>licet</span> <span class='ocrx_word' id='word_1_132' title='bbox 1863 1817 2020 1878; x_wconf 85' lang='lat' dir='ltr'>nihil</span> 
     </span>
     <span class='ocr_line' id='line_1_18' title="bbox 107 1913 2019 1995; baseline 0.003 -22"><span class='ocrx_word' id='word_1_133' title='bbox 107 1913 419 1991; x_wconf 84' lang='lat' dir='ltr'>attulerit,</span> <span class='ocrx_word' id='word_1_134' title='bbox 491 1933 620 1994; x_wconf 87' lang='lat' dir='ltr'>quo</span> <span class='ocrx_word' id='word_1_135' title='bbox 679 1933 821 1974; x_wconf 91' lang='lat' dir='ltr'>eam</span> <span class='ocrx_word' id='word_1_136' title='bbox 874 1914 1269 1995; x_wconf 87' lang='lat' dir='ltr'>probabilem</span> <span class='ocrx_word' id='word_1_137' title='bbox 1310 1915 1641 1990; x_wconf 78' lang='lat' dir='ltr'>redderet,</span> <span class='ocrx_word' id='word_1_138' title='bbox 1699 1921 1909 1978; x_wconf 85' lang='lat' dir='ltr'>tamen</span> <span class='ocrx_word' id='word_1_139' title='bbox 1951 1919 2019 1979; x_wconf 92' lang='lat' dir='ltr'>in</span> 
     </span>
     <span class='ocr_line' id='line_1_19' title="bbox 105 2013 2019 2097; baseline 0.004 -24"><span class='ocrx_word' id='word_1_140' title='bbox 105 2033 250 2074; x_wconf 88' lang='lat' dir='ltr'>suas</span> <span class='ocrx_word' id='word_1_141' title='bbox 308 2020 521 2095; x_wconf 86' lang='lat' dir='ltr'>partes</span> <span class='ocrx_word' id='word_1_142' title='bbox 576 2013 768 2074; x_wconf 85' lang='lat' dir='ltr'>traxit</span> <span class='ocrx_word' id='word_1_143' title='bbox 809 2013 1378 2075; x_wconf 86' lang='lat' dir='ltr'>Mitscherlichium</span> <span class='ocrx_word' id='word_1_144' title='bbox 1419 2014 1489 2074; x_wconf 88' lang='lat' dir='ltr'>in</span> <span class='ocrx_word' id='word_1_145' title='bbox 1531 2014 1794 2097; x_wconf 49' lang='lat' dir='ltr'>Argum».</span> <span class='ocrx_word' id='word_1_146' title='bbox 1842 2014 2019 2080; x_wconf 90' lang='lat' dir='ltr'>Odae</span> 
     </span>
     <span class='ocr_line' id='line_1_20' title="bbox 85 2112 2017 2198; baseline 0.005 -26"><span class='ocrx_word' id='word_1_147' title='bbox 85 2112 295 2173; x_wconf 88' lang='lat' dir='ltr'>Tom.</span> <span class='ocrx_word' id='word_1_148' title='bbox 323 2112 405 2172; x_wconf 88' lang='lat' dir='ltr'>H.</span> <span class='ocrx_word' id='word_1_149' title='bbox 450 2134 513 2194; x_wconf 93' lang='lat' dir='ltr'>p.</span> <span class='ocrx_word' id='word_1_150' title='bbox 545 2115 691 2174; x_wconf 84' lang='lat'>384.</span> <span class='ocrx_word' id='word_1_151' title='bbox 735 2119 798 2174; x_wconf 88' lang='lat' dir='ltr'>et</span> <span class='ocrx_word' id='word_1_152' title='bbox 824 2113 1416 2198; x_wconf 86' lang='lat' dir='ltr'>Vanderbourgium</span> <span class='ocrx_word' id='word_1_153' title='bbox 1444 2114 1630 2175; x_wconf 88' lang='lat' dir='ltr'>Tom.</span> <span class='ocrx_word' id='word_1_154' title='bbox 1649 2114 1732 2175; x_wconf 87' lang='lat' dir='ltr'>H.</span> <span class='ocrx_word' id='word_1_155' title='bbox 1759 2139 1827 2198; x_wconf 89' lang='lat' dir='ltr'>p.</span> <span class='ocrx_word' id='word_1_156' title='bbox 1847 2118 2017 2196; x_wconf 71' lang='lat'><strong>265„</strong></span> 
     </span>
     <span class='ocr_line' id='line_1_21' title="bbox 105 2210 2017 2298; baseline 0.003 -24"><span class='ocrx_word' id='word_1_157' title='bbox 105 2210 285 2295; x_wconf 84' lang='lat' dir='ltr'>cujus</span> <span class='ocrx_word' id='word_1_158' title='bbox 328 2214 522 2276; x_wconf 87' lang='lat' dir='ltr'>verba</span> <span class='ocrx_word' id='word_1_159' title='bbox 567 2234 690 2274; x_wconf 85' lang='lat' dir='ltr'>suo.</span> <span class='ocrx_word' id='word_1_160' title='bbox 726 2232 986 2274; x_wconf 87' lang='lat' dir='ltr'>assensu</span> <span class='ocrx_word' id='word_1_161' title='bbox 1031 2216 1440 2296; x_wconf 88' lang='lat' dir='ltr'>comprobata</span> <span class='ocrx_word' id='word_1_162' title='bbox 1470 2215 1723 2298; x_wconf 87' lang='lat' dir='ltr'>repetiit</span> <span class='ocrx_word' id='word_1_163' title='bbox 1752 2218 2017 2280; x_wconf 87' lang='lat' dir='ltr'>Bothius</span> 
     </span>
     <span class='ocr_line' id='line_1_22' title="bbox 104 2307 2018 2397; baseline 0.005 -26"><span class='ocrx_word' id='word_1_164' title='bbox 104 2313 172 2385; x_wconf 82' lang='lat' dir='ltr'>in</span> <span class='ocrx_word' id='word_1_165' title='bbox 228 2313 528 2374; x_wconf 88' lang='lat' dir='ltr'>Annotat.</span> <span class='ocrx_word' id='word_1_166' title='bbox 587 2314 666 2374; x_wconf 86' lang='lat' dir='ltr'>ad</span> <span class='ocrx_word' id='word_1_167' title='bbox 725 2313 892 2374; x_wconf 89' lang='lat' dir='ltr'>Feae</span> <span class='ocrx_word' id='word_1_168' title='bbox 949 2307 1169 2375; x_wconf 83' lang='lat' dir='ltr'>Horat.</span> <span class='ocrx_word' id='word_1_169' title='bbox 1229 2337 1293 2397; x_wconf 92' lang='lat' dir='ltr'>p.</span> <span class='ocrx_word' id='word_1_170' title='bbox 1344 2317 1488 2376; x_wconf 88' lang='grc'><strong>162.</strong></span> <span class='ocrx_word' id='word_1_171' title='bbox 1590 2315 1668 2375; x_wconf 88' lang='lat' dir='ltr'>At</span> <span class='ocrx_word' id='word_1_172' title='bbox 1709 2318 1868 2378; x_wconf 87' lang='lat' dir='ltr'>mihi</span> <span class='ocrx_word' id='word_1_173' title='bbox 1909 2321 2018 2382; x_wconf 92' lang='lat' dir='ltr'>ille</span> 
     </span>
     <span class='ocr_line' id='line_1_23' title="bbox 108 2411 2017 2501; baseline 0.005 -30"><span class='ocrx_word' id='word_1_174' title='bbox 108 2411 395 2472; x_wconf 88' lang='lat' dir='ltr'>Consulis</span> <span class='ocrx_word' id='word_1_175' title='bbox 437 2432 645 2493; x_wconf 89' lang='lat' dir='ltr'>nepos·</span> <span class='ocrx_word' id='word_1_176' title='bbox 680 2413 933 2474; x_wconf 87' lang='lat' dir='ltr'>videtur</span> <span class='ocrx_word' id='word_1_177' title='bbox 976 2415 1454 2476; x_wconf 90' lang='lat' dir='ltr'>commenticius</span> <span class='ocrx_word' id='word_1_178' title='bbox 1499 2417 1638 2476; x_wconf 75' lang='lat' dir='ltr'>esse</span> <span class='ocrx_word' id='word_1_179' title='bbox 1655 2459 1674 2492; x_wconf 83' lang='lat'><strong><em>,</em></strong></span> <span class='ocrx_word' id='word_1_180' title='bbox 1733 2419 2017 2501; x_wconf 84' lang='lat' dir='ltr'>nihilque</span> 
     </span>
     <span class='ocr_line' id='line_1_24' title="bbox 106 2511 2018 2601; baseline 0.006 -31"><span class='ocrx_word' id='word_1_181' title='bbox 106 2511 375 2591; x_wconf 85' lang='lat' dir='ltr'>impedit</span> <span class='ocrx_word' id='word_1_182' title='bbox 431 2533 556 2592; x_wconf 91' lang='lat' dir='ltr'>quo</span> <span class='ocrx_word' id='word_1_183' title='bbox 612 2512 823 2572; x_wconf 89' lang='lat' dir='ltr'>minus</span> <span class='ocrx_word' id='word_1_184' title='bbox 869 2533 1068 2593; x_wconf 88' lang='lat' dir='ltr'>aeque</span> <span class='ocrx_word' id='word_1_185' title='bbox 1110 2515 1277 2575; x_wconf 88' lang='lat' dir='ltr'>illius</span> <span class='ocrx_word' id='word_1_186' title='bbox 1320 2515 1686 2577; x_wconf 83' lang='lat' dir='ltr'>fratruelem</span> <span class='ocrx_word' id='word_1_187' title='bbox 1731 2518 1862 2580; x_wconf 86' lang='lat' dir='ltr'>sive</span> <span class='ocrx_word' id='word_1_188' title='bbox 1905 2540 2018 2601; x_wconf 82' lang='lat' dir='ltr'>pa·-</span> 
     </span>
     <span class='ocr_line' id='line_1_25' title="bbox 105 2610 2018 2694; baseline 0.005 -23"><span class='ocrx_word' id='word_1_189' title='bbox 105 2612 376 2672; x_wconf 90' lang='lat' dir='ltr'>truelem</span> <span class='ocrx_word' id='word_1_190' title='bbox 434 2610 788 2694; x_wconf 83' lang='lat' dir='ltr'>confingam</span> <span class='ocrx_word' id='word_1_191' title='bbox 850 2619 917 2672; x_wconf 88' lang='lat' dir='ltr'>et</span> <span class='ocrx_word' id='word_1_192' title='bbox 970 2613 1210 2675; x_wconf 86' lang='lat' dir='ltr'>Horatii</span> <span class='ocrx_word' id='word_1_193' title='bbox 1267 2614 1643 2676; x_wconf 81' lang='lat' dir='ltr'>familiarem</span> <span class='ocrx_word' id='word_1_194' title='bbox 1684 2615 1876 2678; x_wconf 87' lang='lat' dir='ltr'>fuisse</span> <span class='ocrx_word' id='word_1_195' title='bbox 1920 2620 2018 2679; x_wconf 88' lang='lat' dir='ltr'>di·-</span> 
     </span>
     <span class='ocr_line' id='line_1_26' title="bbox 107 2711 2018 2806; baseline 0.004 -34"><span class='ocrx_word' id='word_1_196' title='bbox 107 2732 267 2772; x_wconf 86' lang='lat' dir='ltr'>cam.</span> <span class='ocrx_word' id='word_1_197' title='bbox 356 2712 593 2787; x_wconf 69' lang='lat' dir='ltr'>Quodsi</span> <span class='ocrx_word' id='word_1_198' title='bbox 650 2713 758 2772; x_wconf 91' lang='lat' dir='ltr'>ille</span> <span class='ocrx_word' id='word_1_199' title='bbox 802 2711 1021 2773; x_wconf 87' lang='lat' dir='ltr'>suisset</span> <span class='ocrx_word' id='word_1_200' title='bbox 1065 2713 1352 2775; x_wconf 89' lang='lat' dir='ltr'>Consulis</span> <span class='ocrx_word' id='word_1_201' title='bbox 1396 2735 1628 2796; x_wconf 81' lang='lat' dir='ltr'>nepoS‚</span> <span class='ocrx_word' id='word_1_202' title='bbox 1686 2723 1794 2778; x_wconf 84' lang='lat' dir='ltr'>aut</span> <span class='ocrx_word' id='word_1_203' title='bbox 1827 2717 2018 2806; x_wconf 62' lang='lat' dir='ltr'>fallor</span> 
     </span>
     <span class='ocr_line' id='line_1_27' title="bbox 106 2809 2016 2899; baseline 0.005 -28"><span class='ocrx_word' id='word_1_204' title='bbox 106 2815 221 2871; x_wconf 89' lang='lat' dir='ltr'>aut</span> <span class='ocrx_word' id='word_1_205' title='bbox 263 2809 557 2872; x_wconf 86' lang='lat' dir='ltr'>Horatius</span> <span class='ocrx_word' id='word_1_206' title='bbox 601 2813 876 2892; x_wconf 83' lang='lat' dir='ltr'>aliquam</span> <span class='ocrx_word' id='word_1_207' title='bbox 917 2810 1232 2895; x_wconf 82' lang='lat' dir='ltr'>injecisset</span> <span class='ocrx_word' id='word_1_208' title='bbox 1272 2815 1664 2877; x_wconf 88' lang='lat' dir='ltr'>mentionem</span> <span class='ocrx_word' id='word_1_209' title='bbox 1714 2814 1855 2899; x_wconf 87' lang='lat' dir='ltr'>ejus</span> <span class='ocrx_word' id='word_1_210' title='bbox 1891 2820 2016 2897; x_wconf 87' lang='lat' dir='ltr'>avi,</span> 
     </span>
     <span class='ocr_line' id='line_1_28' title="bbox 108 2910 2018 2998; baseline 0.005 -28"><span class='ocrx_word' id='word_1_211' title='bbox 108 2932 240 2991; x_wconf 81' lang='lat' dir='ltr'>quo</span> <span class='ocrx_word' id='word_1_212' title='bbox 259 2910 529 2972; x_wconf 87' lang='lat' dir='ltr'>Consule</span> <span class='ocrx_word' id='word_1_213' title='bbox 545 2919 730 2972; x_wconf 86' lang='lat' dir='ltr'>natus</span> <span class='ocrx_word' id='word_1_214' title='bbox 758 2911 1009 2986; x_wconf 81' lang='lat' dir='ltr'>fuisset:</span> <span class='ocrx_word' id='word_1_215' title='bbox 1043 2916 1156 2974; x_wconf 86' lang='lat' dir='ltr'>sed</span> <span class='ocrx_word' id='word_1_216' title='bbox 1188 2914 1256 2974; x_wconf 90' lang='lat' dir='ltr'>in</span> <span class='ocrx_word' id='word_1_217' title='bbox 1276 2922 1509 2977; x_wconf 89' lang='lat' dir='ltr'>neutro</span> <span class='ocrx_word' id='word_1_218' title='bbox 1538 2916 1812 2977; x_wconf 88' lang='lat' dir='ltr'>carmine</span> <span class='ocrx_word' id='word_1_219' title='bbox 1830 2919 2018 2998; x_wconf 89' lang='lat' dir='ltr'>quid-</span> 
     </span>
     <span class='ocr_line' id='line_1_29' title="bbox 108 3012 2017 3099; baseline 0.005 -30"><span class='ocrx_word' id='word_1_220' title='bbox 108 3027 303 3091; x_wconf 86' lang='lat' dir='ltr'>quam</span> <span class='ocrx_word' id='word_1_221' title='bbox 344 3012 506 3073; x_wconf 87' lang='lat' dir='ltr'>inest</span> <span class='ocrx_word' id='word_1_222' title='bbox 548 3013 720 3092; x_wconf 90' lang='lat' dir='ltr'>quod</span> <span class='ocrx_word' id='word_1_223' title='bbox 759 3014 841 3072; x_wconf 85' lang='lat' dir='ltr'>ad</span> <span class='ocrx_word' id='word_1_224' title='bbox 884 3013 1165 3075; x_wconf 87' lang='lat' dir='ltr'>nobilem</span> <span class='ocrx_word' id='word_1_225' title='bbox 1206 3014 1380 3076; x_wconf 90' lang='lat' dir='ltr'>illam</span> <span class='ocrx_word' id='word_1_226' title='bbox 1421 3020 1675 3099; x_wconf 85' lang='lat' dir='ltr'>gentem</span> <span class='ocrx_word' id='word_1_227' title='bbox 1717 3015 2017 3079; x_wconf 86' lang='lat' dir='ltr'>Manliam</span> 
     </span>
     <span class='ocr_line' id='line_1_30' title="bbox 104 3111 2016 3198; baseline 0.003 -27"><span class='ocrx_word' id='word_1_228' title='bbox 104 3111 302 3192; x_wconf 86' lang='lat' dir='ltr'>possit</span> <span class='ocrx_word' id='word_1_229' title='bbox 355 3112 601 3174; x_wconf 86' lang='lat' dir='ltr'>referri.</span> <span class='ocrx_word' id='word_1_230' title='bbox 702 3111 999 3189; x_wconf 82' lang='lat' dir='ltr'>Accedit,</span> <span class='ocrx_word' id='word_1_231' title='bbox 1058 3115 1263 3194; x_wconf 86' lang='lat' dir='ltr'>quod,</span> <span class='ocrx_word' id='word_1_232' title='bbox 1322 3115 1374 3176; x_wconf 86' lang='lat' dir='ltr'>si</span> <span class='ocrx_word' id='word_1_233' title='bbox 1419 3115 1559 3198; x_wconf 88' lang='lat' dir='ltr'>quis</span> <span class='ocrx_word' id='word_1_234' title='bbox 1601 3136 1801 3197; x_wconf 87' lang='lat' dir='ltr'>nepos</span> <span class='ocrx_word' id='word_1_235' title='bbox 1845 3116 2016 3178; x_wconf 89' lang='lat' dir='ltr'>Con-</span> 
     </span>
     <span class='ocr_line' id='line_1_31' title="bbox 106 3211 2016 3297; baseline 0.005 -26"><span class='ocrx_word' id='word_1_236' title='bbox 106 3211 261 3271; x_wconf 89' lang='lat' dir='ltr'>sulis</span> <span class='ocrx_word' id='word_1_237' title='bbox 305 3219 620 3293; x_wconf 84' lang='lat' dir='ltr'>superstes</span> <span class='ocrx_word' id='word_1_238' title='bbox 662 3211 916 3289; x_wconf 75' lang='lat' dir='ltr'>fuisset,</span> <span class='ocrx_word' id='word_1_239' title='bbox 986 3215 1337 3294; x_wconf 89' lang='lat' dir='ltr'>permirum</span> <span class='ocrx_word' id='word_1_240' title='bbox 1389 3236 1542 3278; x_wconf 86' lang='lat' dir='ltr'>sane</span> <span class='ocrx_word' id='word_1_241' title='bbox 1585 3215 1782 3290; x_wconf 85' lang='lat' dir='ltr'>foret,</span> <span class='ocrx_word' id='word_1_242' title='bbox 1843 3219 2016 3297; x_wconf 87' lang='lat' dir='ltr'>quod</span> 
     </span>
     <span class='ocr_line' id='line_1_32' title="bbox 107 3297 2015 3397; baseline 0.005 -27"><span class='ocrx_word' id='word_1_243' title='bbox 107 3317 240 3371; x_wconf 88' lang='lat' dir='ltr'>tam</span> <span class='ocrx_word' id='word_1_244' title='bbox 285 3297 579 3392; x_wconf 81' lang='lat' dir='ltr'>antiquae</span> <span class='ocrx_word' id='word_1_245' title='bbox 622 3313 982 3394; x_wconf 86' lang='lat' dir='ltr'>nobilisque</span> <span class='ocrx_word' id='word_1_246' title='bbox 1025 3314 1299 3377; x_wconf 81' lang='lat' dir='ltr'>familiae</span> <span class='ocrx_word' id='word_1_247' title='bbox 1351 3316 1562 3397; x_wconf 91' lang='lat' dir='ltr'>proles</span> <span class='ocrx_word' id='word_1_248' title='bbox 1611 3335 1821 3397; x_wconf 88' lang='lat' dir='ltr'>neque</span> <span class='ocrx_word' id='word_1_249' title='bbox 1863 3318 2015 3379; x_wconf 86' lang='lat' dir='ltr'>belli</span> 
     </span>
     <span class='ocr_line' id='line_1_33' title="bbox 108 3413 2014 3497; baseline 0.004 -27"><span class='ocrx_word' id='word_1_250' title='bbox 108 3430 318 3491; x_wconf 86' lang='lat' dir='ltr'>neque</span> <span class='ocrx_word' id='word_1_251' title='bbox 377 3413 546 3492; x_wconf 86' lang='lat' dir='ltr'>pacis</span> <span class='ocrx_word' id='word_1_252' title='bbox 602 3414 840 3474; x_wconf 85' lang='lat' dir='ltr'>artibus</span> <span class='ocrx_word' id='word_1_253' title='bbox 897 3413 1267 3476; x_wconf 86' lang='lat' dir='ltr'>innotuisset</span> <span class='ocrx_word' id='word_1_254' title='bbox 1319 3416 1604 3497; x_wconf 89' lang='lat' dir='ltr'>nullique</span> <span class='ocrx_word' id='word_1_255' title='bbox 1645 3415 1713 3474; x_wconf 88' lang='lat' dir='ltr'>in</span> <span class='ocrx_word' id='word_1_256' title='bbox 1758 3416 2014 3478; x_wconf 84' lang='lat' dir='ltr'>civitate</span> 
     </span>
     <span class='ocr_line' id='line_1_34' title="bbox 108 3511 2015 3596; baseline 0.004 -25"><span class='ocrx_word' id='word_1_257' title='bbox 108 3512 364 3571; x_wconf 89' lang='lat' dir='ltr'>muneri</span> <span class='ocrx_word' id='word_1_258' title='bbox 407 3514 661 3573; x_wconf 87' lang='lat' dir='ltr'>admota</span> <span class='ocrx_word' id='word_1_259' title='bbox 705 3513 947 3575; x_wconf 83' lang='lat' dir='ltr'>fuisset.</span> <span class='ocrx_word' id='word_1_260' title='bbox 1039 3511 1164 3576; x_wconf 85' lang='lat' dir='ltr'>Sed</span> <span class='ocrx_word' id='word_1_261' title='bbox 1192 3516 1391 3576; x_wconf 85' lang='lat' dir='ltr'>altum</span> <span class='ocrx_word' id='word_1_262' title='bbox 1422 3515 1590 3596; x_wconf 86' lang='lat' dir='ltr'>apud</span> <span class='ocrx_word' id='word_1_263' title='bbox 1617 3534 1835 3577; x_wconf 88' lang='lat' dir='ltr'>omnes</span> <span class='ocrx_word' id='word_1_264' title='bbox 1861 3517 2015 3578; x_wconf 89' lang='lat' dir='ltr'>scri-</span> 
     </span>
    </p>
   </div>
   <div class='ocr_carea' id='block_1_3' title="bbox 110 3613 2018 3775">
    <p class='ocr_par' dir='ltr' id='par_1_4' title="bbox 110 3613 2018 3775">
     <span class='ocr_line' id='line_1_35' title="bbox 110 3613 2018 3697; baseline 0.004 -25"><span class='ocrx_word' id='word_1_265' title='bbox 110 3618 329 3691; x_wconf 83' lang='lat' dir='ltr'>ptores</span> <span class='ocrx_word' id='word_1_266' title='bbox 389 3630 465 3672; x_wconf 87' lang='lat' dir='ltr'>ea</span> <span class='ocrx_word' id='word_1_267' title='bbox 524 3614 604 3673; x_wconf 91' lang='lat' dir='ltr'>de</span> <span class='ocrx_word' id='word_1_268' title='bbox 659 3633 729 3673; x_wconf 88' lang='lat' dir='ltr'>re</span> <span class='ocrx_word' id='word_1_269' title='bbox 790 3613 1136 3675; x_wconf 88' lang='lat' dir='ltr'>silentium!</span> <span class='ocrx_word' id='word_1_270' title='bbox 1197 3615 1545 3676; x_wconf 82' lang='lat' dir='ltr'>Prudenter</span> <span class='ocrx_word' id='word_1_271' title='bbox 1586 3614 1778 3697; x_wconf 85' lang='lat' dir='ltr'>igitur</span> <span class='ocrx_word' id='word_1_272' title='bbox 1821 3614 2018 3679; x_wconf 82' lang='lat' dir='ltr'>Glan-</span> 
     </span>
     <span class='ocr_line' id='line_1_36' title="bbox 1479 3716 1622 3775; baseline -0.007 0"><span class='ocrx_word' id='word_1_273' title='bbox 1479 3717 1563 3775; x_wconf 86' lang='lat'>20</span> <span class='ocrx_word' id='word_1_274' title='bbox 1592 3716 1622 3750; x_wconf 61' lang='lat'>²*</span> 
     </span>
    </p>
   </div>
  </div>
 </body>
</html>
