2236 3932
212 120 256 179 6
798 141 880 181 mx
926 142 985 180 L.
1027 140 1235 185 VAmo
1282 106 1521 182 roErA.

204 279 319 355 jus
360 285 456 336 est
491 274 852 357 felicitatis
909 274 1226 357 specimen
1236 318 1260 349 ,
1334 297 1530 357 quam
1586 296 1832 358 semper
1886 295 2101 335 omnes

211 374 378 436 scire
418 395 680 456 cupere,
726 372 940 455 qualis
983 372 1224 454 aliquis
1247 372 1543 453 fuerit.“

340 474 512 549 Quae
556 477 765 531 autem
819 471 942 531 hoc
1001 472 1079 529 de
1135 478 1495 553 argumento
1550 473 1657 533 diu
1711 472 2102 553 multumque

213 575 665 633 commentatus
703 591 874 646 sum,
918 588 992 628 ea
1008 612 1027 645 ,
1071 566 1303 647 fateor,
1347 572 1691 632 maximam
1715 578 1956 653 partem
1985 573 2102 631 du·-

212 676 310 732 cta
353 674 494 730 sunt
536 688 623 728 ex
665 664 1030 749 conjecturis
1043 711 1062 743 ,
1109 687 1269 746 quae
1310 669 1377 729 in
1410 677 1901 752 quantacumque
1933 670 2103 732 veri-

210 768 608 831 similitudine
651 764 1043 844 acquiescere
1075 766 1394 829 deberent.
1478 769 1693 850 Neque
1722 770 1843 830 hoc
1883 789 2105 849 quem-

211 888 402 949 quam
417 910 438 944 ,
484 884 555 925 re
599 862 841 944 cognita
857 906 877 939 ,
920 863 1154 924 mirum
1195 865 1472 927 habebit.
1552 869 1714 930 Nam
1746 870 2102 949 scriptoreS,

210 967 439 1048 quibus
495 962 637 1023 satis
696 961 878 1021 certis
933 965 1286 1026 auctoribus
1353 966 1472 1026 hac
1543 968 1610 1027 in
1678 988 1895 1028 caussa
1954 967 2105 1028 stari

209 1069 431 1146 queat,
495 1061 833 1121 admodum
889 1062 1075 1142 pauci
1129 1069 1295 1123 sunt.
1392 1064 1770 1146 Plerumque
1813 1069 1892 1128 ad
1931 1066 2107 1127 testi-

208 1162 495 1225 monium
537 1159 872 1221 dicendum
912 1162 1181 1223 vocandi
1223 1169 1404 1223 erant
1437 1163 1844 1226 Grammatici
1885 1172 1951 1228 et
1993 1163 2106 1246 qui

207 1260 400 1321 hodie
444 1259 732 1320 (licuntur
773 1265 1102 1341 poetarum
1141 1268 1423 1323 veterum
1469 1262 1852 1324 Scholiastae
1864 1309 1885 1342 ,
1945 1285 2107 1345 quo-

208 1379 355 1420 nun
391 1357 545 1419 fides
586 1379 780 1439 quam
812 1359 891 1419 sit
934 1360 1208 1420 sublesta
1245 1381 1317 1422 ac
1346 1364 1570 1441 dubia,
1614 1383 1807 1424 nemo
1839 1384 1945 1424 me
1972 1384 2108 1425 me-

208 1459 327 1519 lius
370 1458 679 1539 intellig-it.
763 1457 985 1539 Neque
1027 1464 1236 1520 tamen
1279 1481 1353 1521 ea
1367 1507 1386 1540 ,
1461 1483 1623 1543 quae
1667 1464 1834 1544 apud
1877 1484 1985 1524 eos
2027 1462 2109 1524 de

208 1556 287 1620 L.
316 1556 507 1621 Vario
550 1558 742 1618 relata
782 1557 1108 1639 leguntur,
1176 1559 1306 1623 levi
1359 1562 1459 1624 vel
1513 1562 1917 1643 supercilioso
1961 1581 2109 1624 cum

209 1662 576 1739 contemptu
605 1652 824 1741 rejeci,
870 1657 982 1716 sed
1017 1658 1274 1719 adhibui
1307 1660 1518 1721 omnia
1549 1667 1615 1721 et
1641 1661 1707 1721 in
1733 1682 1872 1722 rem
1897 1682 2109 1726 meam

209 1755 523 1834 converti,
579 1755 632 1816 si
674 1754 966 1835 quidem,
1021 1756 1135 1816 uhi
1175 1756 1378 1820 fontes
1419 1760 1591 1820 adire
1631 1782 1760 1821 non
1800 1761 1946 1821 licet
1959 1806 1980 1840 ,
2022 1760 2110 1822 ri-

205 1856 386 1918 vulos
445 1855 793 1916 consectari
845 1877 961 1916 nos
1015 1863 1286 1938 oportet.
1372 1858 1502 1920 Sed
1557 1865 1769 1920 tamen
1825 1860 2110 1923 animum

207 1955 431 2016 acriter
471 1954 710 2019 intendi
751 1955 830 2015 ad
875 1956 1222 2018 cavendum
1238 2001 1258 2035 ,
1316 1979 1399 2020 ne
1443 1980 1479 2020 a
1519 1959 1785 2020 librariis
1826 1960 1895 2020 in
1935 1958 2109 2020 frau-

208 2054 356 2114 dem
395 2054 727 2114 inducerer
770 2059 871 2132 et,
945 2056 1120 2135 quod
1164 2057 1346 2120 Varo
1390 2059 1661 2139 cuipiam
1703 2059 2109 2121 tribuendum

205 2159 405 2231 esset,
450 2153 532 2215 L.
567 2152 776 2219 Vario
805 2154 1069 2233 Poetae,
1115 2165 1244 2236 quo
1276 2158 1356 2218 de
1385 2159 1619 2241 agitur,
1666 2158 2108 2219 adscriberem.

206 2251 542 2314 Caeterum
593 2252 660 2311 id
716 2274 976 2334 quoque
1031 2275 1291 2336 operam
1350 2258 1527 2335 dedi,
1597 2263 1672 2318 ut
1723 2277 1807 2318 ne
1851 2262 2108 2338 captans

205 2350 510 2412 acuminis
553 2349 879 2436 cujusdam
907 2354 1160 2415 laudem
1196 2357 1520 2416 modestae
1553 2353 1946 2441 conjecturae
1980 2362 2110 2417 ter-

203 2449 413 2511 minos
455 2452 826 2534 egrederer,
897 2472 1091 2532 neve,
1157 2475 1320 2536 quae
1365 2456 1646 2516 collectis
1690 2457 1947 2517 demum
1987 2477 2109 2516 un-

207 2549 560 2630 decumque
590 2550 967 2630 rationibus,
1012 2554 1421 2635 probabiliter
1446 2554 1696 2617 inventa
1721 2561 1946 2636 essent,
1988 2576 2108 2639 pro

207 2648 394 2710 certis
437 2650 907 2731 exPloratisque
950 2653 1360 2715 venditarem.

373 2747 451 2807 In
506 2751 833 2811 tractando
893 2756 1111 2813 autem
1163 2753 1287 2814 hoc
1330 2760 1695 2837 argumento
1739 2774 1887 2815 eum
1929 2753 2109 2834 sequi

206 2847 437 2928 placuit
477 2867 692 2909 rerum
720 2850 1027 2930 ordinem,
1071 2857 1140 2912 ut
1164 2852 1438 2934 primum
1464 2853 1532 2913 in
1563 2852 1643 2916 L.
1671 2851 1847 2913 Varii
1887 2872 2106 2935 genus,

205 2953 475 3007 aetatem
518 2948 792 3030 aliasque
845 2950 1008 3012 vitae
1050 2971 1153 3012 res
1197 2952 1578 3034 diligentius,
1638 2972 1829 3033 quam
1872 2971 1909 3011 a
1951 2972 2109 3032 quo-

205 3066 394 3126 quam
422 3053 563 3107 ante
598 3068 703 3109 me
737 3047 969 3110 factum
998 3055 1110 3128 est,
1154 3051 1554 3131 inquirerem,
1601 3052 1824 3112 deinde
1857 3051 1936 3111 de
1969 3047 2107 3134 ejus

202 3145 474 3226 ingenio,
521 3147 800 3211 doctrina
843 3154 906 3208 et
947 3149 1210 3230 scriptiS,
1254 3155 1388 3210 tum
1423 3151 1738 3233 genuiniS,
1782 3156 1916 3210 tum
1958 3172 2107 3231 spu-

203 3243 310 3302 riis
325 3289 344 3320 ,
405 3246 757 3328 singulatim
813 3253 876 3307 et
919 3255 1202 3309 accurate
1248 3270 1661 3330 exponerem,
1723 3255 1786 3310 et
1833 3249 2106 3329 denique

205 3343 552 3405 carminum
607 3343 740 3432 ejus
754 3391 774 3425 ,
849 3366 1011 3427 quae
1067 3356 1414 3429 supersunt,
1471 3350 1763 3431 reliquias
1821 3349 2106 3413 collectas

201 3439 657 3528 illustratasque
696 3443 1078 3527 proferrem,
1120 3461 1250 3506 non
1282 3449 1577 3531 neglectis
1615 3450 1712 3528 iis,
1756 3466 1919 3529 quae
1961 3452 2105 3508 ante
2133 3476 2148 3493 ι

202 3558 310 3599 me
358 3560 504 3601 cum
547 3544 650 3604 alii
664 3588 686 3623 ,
733 3551 870 3606 tum
908 3544 1192 3627 inprimis
1231 3545 1426 3609 Janus
1466 3547 1828 3631 Rutgersius
1867 3546 1936 3607 in
1973 3544 2106 3607 Le-
