2236 3932
239 147 324 208 60
838 167 919 206 DE
965 167 1024 207 1..
1053 167 1261 208 VAiuo
1306 168 1546 210 roETA.

236 299 428 373 hirii,
475 302 556 362 de
601 299 780 383 cujus
822 301 1075 383 ingenio
1120 300 1497 380 scriptisque
1541 322 1669 362 non
1711 303 1838 362 nisi
1871 303 2029 365 levis
2057 306 2140 364 ad

236 421 352 460 nos
395 399 564 460 fama
592 401 835 479 perlata
864 406 979 458 est.
1065 399 1228 456 Hinc
1258 398 1554 475 fuerunt,
1598 400 1711 480 qui
1741 398 1879 481 ejus
1905 422 2140 462 nomen

238 518 324 558 ex
379 498 501 557 1100
558 494 786 578 Velleji
841 498 981 556 1000
1039 495 1594 557 exterminandum
1641 504 1960 578 putarent.
2045 499 2141 559 Ita

233 597 555 657 Puteanus
610 616 729 676 pro
784 591 1226 673 Baba-iusque
1276 593 1397 675 legi
1439 597 1682 657 mavult
1749 595 2138 678 Variusque,

235 701 303 757 et
370 695 739 754 Perizonius
804 692 875 750 in
941 690 1142 770 Epist.
1199 692 1278 750 ad
1338 692 1670 755 Heinsium
1710 698 1774 755 2.
1835 693 2139 776 conjecitz

239 793 706 873 .1{orat13asque.
803 789 1068 849 Puteaui
1124 790 1581 855 correctionem
1636 795 1865 874 probat
1919 793 2139 854 Mark-

234 895 463 953 {laudus
507 892 576 950 in
618 888 822 969 Epist.
870 887 1024 947 Crit.
1068 910 1132 968 p.
1161 890 1260 949 14.
1358 888 1493 972 Ego
1537 898 1751 953 autem
1793 892 2143 954 Vehemen-

235 998 339 1052 ter
397 989 652 1064 dubito,
720 1009 880 1048 1111111
936 988 1084 1046 111110
1136 987 1279 1047 1000
1341 990 1837 1051 correctionibus
1881 992 1963 1051 sit
2003 1013 2143 1052 me-

244 1093 283 1150 d
291 1091 549 1150 endum.
635 1087 895 1149 Poterat
936 1086 1109 1147 enim
1150 1083 1434 1168 Velleius
1479 1108 1620 1148 suas
1664 1089 1903 1152 habere
1945 1091 2144 1152 ratio-

235 1211 349 1255 nes
364 1233 383 1266 ,
459 1189 542 1250 ob
610 1207 766 1268 quas
831 1187 1151 1247 omitteret
1217 1186 1362 1246 illos
1416 1193 1636 1266 poetas
1651 1186 1746 1266 ⁵¹).
1856 1188 1933 1250 Id
1990 1211 2143 1251 saue

236 1309 466 1352 verum
503 1293 639 1363 est,
707 1287 762 1346 si
802 1286 906 1346 hio
946 1285 1270 1367 Augustae
1314 1285 1539 1348 domus
1581 1293 1648 1346 et
1690 1288 2036 1348 admirator
2079 1295 2145 1350 et

236 1389 532 1450 adulator
590 1391 966 1466 spectasset,
1037 1391 1227 1465 prout
1287 1386 1560 1465 quisque
1610 1386 1870 1447 illorum
1924 1394 2146 1467 poeta-

239 1508 389 1554 rum
431 1487 597 1567 apud
638 1485 993 1567 Augusttun
1050 1484 1250 1566 gratia
1291 1485 1432 1564 plus
1480 1485 1773 1548 minusve
1813 1485 2145 1562 floruisset,

237 1593 348 1649 aut
390 1583 575 1670 hujus
618 1583 1027 1664 Imperatoris
1071 1584 1417 1644 exstitisset
1459 1585 1780 1661 laudator,
1839 1567 2145 1646 'debuisse

167 1738 170 1739 ⁷
237 1707 389 1748 eum
432 1683 776 1767 praeterire
823 1682 1121 1744 Ovidimn
1136 1727 1156 1760 ,
1203 1704 1703 1746 commemorare
1745 1705 1900 1746 vero
1942 1684 2147 1745 Hora-

400 1887 489 1943 51)
557 1881 702 1950 Quod
766 1879 980 1946 Virgilio
1051 1884 1306 1946 contigisse
1375 1886 1624 1942 novimus,
1691 1890 1745 1932 ut
1805 1885 2036 1943 carmina,
2101 1884 2146 1932 si

241 1977 337 2007 non
386 1957 588 2006 viventis
635 1953 814 2015 adhuc,
874 1963 1000 2003 certe
1035 1953 1163 2002 1131111
1211 1957 1276 2002 113
1312 1956 1497 2017 pridem
1534 1956 1764 2014 defuncti,
1820 1956 1870 2003 in
1906 1954 2081 2004 scholis
2117 1972 2146 2003 a

243 2029 577 2079 Grammaticis
612 2026 1029 2088 praelegerentur,
1078 2035 1132 2074 ut
1174 2043 1202 2074 a
1238 2025 1304 2092 Q.
1346 2025 1560 2076 Caecilio
1595 2025 1792 2089 Epirota
1826 2028 2001 2075 factum
2038 2043 2147 2075 esse

241 2102 449 2164 legimus
495 2116 575 2160 ap.
622 2095 904 2147 Suetonium
951 2097 1011 2145 de
1057 2096 1240 2146 Illustr.
1291 2096 1382 2148 Gr.
1430 2118 1472 2147 c.
1510 2104 1623 2162 16.;
1683 2098 1736 2147 id
1777 2115 1891 2146 num
1925 2095 2146 2159 Horatio,

240 2174 354 2222 dum
407 2173 457 2218 in
495 2171 618 2219 vivis
651 2178 785 2230 erat,
837 2178 883 2217 et
919 2186 1004 2232 per
1042 2171 1284 2230 proximas
1333 2170 1554 2232 deinceps
1608 2179 1787 2219 aetates
1821 2170 2047 2218 tributum
2084 2171 2147 2218 sit

240 2244 468 2304 honoris,
520 2241 662 2290 valde
714 2239 895 2288 dubito.
996 2238 1163 2289 Serius
1213 2239 1403 2289 demum
1449 2241 1500 2291 id
1548 2242 1725 2290 factum
1779 2257 1886 2290 esse
1940 2241 2145 2289 videtur.

241 2314 370 2375 Sed,
406 2315 520 2362 licet
553 2311 800 2361 ,Iuvenalis
832 2310 938 2361 Sat.
965 2308 1086 2360 Vll.
1127 2312 1188 2361 de
1222 2308 1865 2362 misera‘Grammaticorum
1893 2313 2019 2362 vitae
2035 2330 2147 2362 con-

242 2388 420 2437 ditione
455 2386 655 2445 loquens
691 2384 864 2432 scribat
898 2400 944 2431 v.
977 2386 1098 2433 225.

442 2453 721 2504 Dummodo
757 2473 854 2503 non
881 2467 1057 2517 pereat
1092 2453 1291 2504 totidem
1327 2456 1553 2523 offecisse
1587 2455 1830 2519 lucernas,

356 2544 359 2549 ·
448 2527 575 2594 Quot
591 2579 593 2581 ,
609 2525 803 2576 stabant
831 2526 982 2588 pueh'
994 2565 1006 2587 ,
1044 2545 1190 2592 qaum
1225 2539 1351 2576 totus
1386 2526 1581 2576 decolor
1614 2539 1734 2577 esset

444 2599 661 2653 Flaccus
695 2611 741 2647 et
775 2596 996 2647 haereret
1029 2603 1175 2660 nigro
1192 2600 1374 2667 fuligo
1408 2599 1625 2656 Maroni
1636 2617 1656 2649 .·

243 2670 371 2722 unde
415 2670 669 2729 discimus,
734 2672 876 2718 etiam
927 2669 1116 2718 Horatii
1165 2672 1372 2719 carmina
1422 2674 1472 2719 in
1519 2669 1704 2721 scholis.
1747 2676 1962 2719 enarrata
2012 2685 2147 2731 esse3

245 2753 406 2793 tamen
442 2741 771 2808 Quintilianus
818 2739 936 2789 lust.
985 2740 1076 2791 Or.
1128 2739 1270 2791 Libr.
1296 2740 1339 2792 Ι.
1379 2760 1422 2791 0.
1451 2748 1503 2793 8.
1553 2743 1599 2804 §.
1631 2747 1679 2792 5.
1725 2740 1867 2791 valde
1911 2758 2149 2788 commen-

247 2815 366 2864 dans
400 2812 604 2864 Homeri
638 2822 687 2862 et
705 2810 909 2875 Virgilii
944 2814 1232 2876 lectionem,
1268 2831 1375 2862 cum
1397 2815 1619 2862 carminis
1640 2812 1822 2863 heroici
1858 2812 2150 2861 sublimitate

246 2889 433 2936 animus
468 2892 707 2947 assurgat,
763 2894 811 2932 et
846 2902 908 2932 ex
943 2885 1271 2947 magnitudine
1306 2903 1466 2933 rerum
1502 2886 1719 2946 spiritum
1765 2884 1907 2932 ducat
1941 2891 1990 2931 et
2025 2885 2149 2944 opti-

247 2960 340 3012 mis
373 2958 636 3016 imbuatur,
676 2956 864 3016 subjicit
900 2956 944 3018 §.
970 2961 1020 3004 6.
1060 2956 1263 3018 „Utiles
1304 2957 1360 3004 T
1355 2954 1648 3019 ragoediae:
1683 2955 1822 3004 alum
1856 2966 1902 3003 et
1935 2952 2148 3018 Lyaei,-

243 3032 290 3079 εἰ
323 3041 485 3077 tamen
530 3031 586 3076 in
619 3025 695 3081 his
728 3044 829 3075 non
862 3039 1084 3076 auctores
1114 3027 1254 3077 modo
1268 3065 1286 3088 ‚
1339 3026 1433 3077 sed
1480 3026 1626 3076 eiiam
1651 3039 1825 3089 partes
1859 3030 2023 3088 opem's
2055 3025 2151 3073 ele-

239 3104 407 3163 ger2‘83
454 3116 571 3149 nam
606 3110 654 3147 et
694 3098 875 3147 Graeci
910 3098 1111 3150 licenter
1143 3094 1325 3162 malta,
1372 3111 1420 3148 et
1453 3098 1726 3147 Horatium
1771 3101 1825 3146 in
1860 3096 2151 3163 quibusdam

243 3173 396 3221 nolim
445 3172 823 3232 interpretari.“
906 3167 1074 3231 Neque
1111 3179 1325 3232 poterant
1365 3188 1460 3219 non
1510 3170 1761 3231 displicere
1811 3168 1999 3218 Horatii
2048 3186 2150 3217 car-

245 3246 406 3306 mina,
454 3243 672 3305 inprimis
711 3238 929 3303 Satirae‚
984 3241 1182 3290 Tiberio
1217 3245 1418 3304 ejusque
1469 3241 1819 3301 adulatoribus,
1872 3257 1992 3302 quos
2028 3241 2151 3288 inter

245 3313 376 3363 haud
413 3315 636 3362 ultimum
664 3314 825 3362 locum
863 3320 992 3360 tenet
1027 3310 1254 3375 Velleius
1290 3311 1586 3362 Paterculus.
1675 3311 1728 3361 Is
1761 3314 1935 3376 igitur,
1985 3327 2150 3372 quam-

248 3387 325 3435 vis
360 3384 615 3434 Horatium
648 3400 811 3434 senem
847 3383 908 3432 de
953 3383 1076 3432 facie
1111 3402 1253 3433 nosse
1289 3393 1450 3445 posset
1489 3384 1745 3446 puerulus,
1800 3385 1976 3445 quippe
2011 3389 2149 3429 natus

248 3475 295 3509 a.
322 3454 389 3506 U.
421 3454 479 3504 C.
508 3460 632 3506 735.
649 3495 665 3519 ,
703 3464 756 3504 ut
788 3453 1079 3505 Dodwellus
1114 3456 1164 3503 in
1183 3454 1363 3505 Annal.
1398 3453 1587 3516 Vellei.
1637 3456 1680 3518 §.
1714 3461 1765 3504 8.
1803 3455 1989 3514 docuit,
2026 3450 2150 3511 1111110

250 3529 357 3579 sive
404 3530 640 3577 communi
691 3527 894 3589 quodam
944 3534 1215 3588 contemptu
1263 3529 1365 3576 sive
1412 3528 1556 3575 animi
1597 3525 1798 3588 quadam
1833 3542 1862 3572 a
1896 3524 2067 3586 lyricis
2101 3531 2150 3576 et

254 3601 460 3655 satiricis
496 3592 780 3649 carminibus
810 3599 1100 3654 ,alienatione
1125 3598 1305 3653 ,ductus
1341 3599 1560 3647 omisisse
1590 3596 1851 3646 censendus
1887 3602 1979 3644 est.
