2236 3932
227 109 356 172 334
799 129 880 168 nr.
927 127 1004 168 cA
1014 126 1153 173 ssto
1197 126 1566 175 PARMENsl.

228 271 294 326 et
331 263 584 325 sordida
599 309 618 342 ‚
665 284 828 344 quae
872 262 1096 322 dubito
1138 283 1294 326 num
1338 264 1568 326 cadere
1607 266 1882 348 potuerit
1921 266 1990 327 in
2015 268 2134 331 ho-

226 365 468 425 minem
517 363 776 446 perditis
841 361 1128 422 moribus
1189 362 1477 444 gulosum
1531 369 1594 425 et
1649 370 1782 425 tam
1840 367 2134 429 vinolen-

229 470 396 540 tum,
466 469 570 540 ut,
630 459 950 521 referente
990 460 1195 522 Plinio
1238 459 1312 521 N.
1358 462 1440 524 H.
1484 462 1667 523 Libr.
1697 465 1866 527 XIV.
1913 488 1966 528 c.
2003 447 2132 544 22,

227 563 604 626 vinolentiae
661 560 924 643 gloriam
981 559 1375 632 interfectori
1432 564 1629 645 patris
1674 565 1773 625 sui
1786 609 1807 642 ‚
1866 566 1955 628 M.
1999 567 2134 627 An-

229 663 401 724 tonio
418 706 437 738 ‚
497 659 749 720 auferre
791 659 1067 721 voluisse
1108 660 1447 722 videretur.
1724 741 1728 744 Δ

359 761 564 842 Quam
621 759 703 819 ob
761 779 1064 837 caussam,
1097 758 1220 820 hoc
1263 759 1457 821 etiam
1497 761 1739 824 Horatii
1779 764 1923 826 loco
1967 786 2131 849 nego

227 862 455 924 factam
496 879 635 920 esse
675 859 1068 919 mentionem
1107 857 1197 918 M.
1244 858 1565 922 Ciceronis
1605 861 1739 923 filii.
1833 864 1968 926 Nos.
2003 867 2133 925 uti-

229 981 352 1042 que
393 960 610 1035 illum,
662 958 857 1040 patris
900 958 1228 1019 clarissimi
1270 979 1522 1037 caussa,
1590 963 1798 1023 studio
1858 966 2135 1045 quodam

228 1067 295 1122 et
335 1059 558 1122 favore
600 1058 1044 1140 prosequimur
1057 1102 1078 1135 ,
1134 1079 1266 1120 non
1317 1059 1476 1120 item
1515 1059 1812 1122 Horatius
1854 1065 2135 1143 comple-

230 1161 314 1222 cti
369 1160 640 1220 ‹lebebat
656 1203 676 1235 ‚
749 1158 853 1218 cui
909 1159 1184 1237 rationes
1241 1164 1304 1219 et
1362 1178 1618 1221 caussae
1675 1179 1818 1222 esse
1885 1168 2137 1242 possent

230 1261 381 1325 satis
423 1278 645 1342 graves
661 1300 682 1334 ,
726 1257 809 1318 ob
855 1278 1014 1337 quas
1056 1257 1254 1318 istum
1296 1259 1791 1322 commilitonem
1833 1281 2016 1321 suum
2052 1281 2136 1322 ne

230 1361 360 1420 ulla
404 1359 665 1441 quidem
707 1358 1031 1419 mentione
1075 1358 1338 1442 dignum
1378 1364 1652 1440 putaret.

1000 1580 1169 1587 -——--—-.-r
1181 1580 1346 1588 -————--·--

846 1743 1372 1807 EXGURSUS
1430 1745 1512 1806 V.

1129 1919 1177 1969 D
1193 1916 1238 1969 E

301 2034 573 2110 JULo
638 2033 1120 2109 ANTONIO
1184 2038 1720 2112 TRIUMVIRI
1784 1998 2070 2112 Fmo.

366 2209 463 2270 De
516 2206 668 2268 Iulo
727 2202 1055 2279 Antom'O,
1128 2202 1216 2265 M.
1275 2204 1529 2267 Antonii
1586 2205 1934 2267 Triumviri
1988 2204 2139 2282 filio,

239 2329 436 2391 quem
477 2307 542 2367 in
587 2305 1128 2368 commentatione
1172 2306 1250 2364 de
1298 2305 1520 2368 Cassio
1564 2306 1914 2367 Parmensi
1952 2314 2002 2379 §.
2039 2305 2139 2365 15.

237 2409 312 2469 N.
348 2410 450 2469 48.
497 2407 632 2467 dixi
677 2402 1180 2487 conjunctissime
1220 2405 1462 2467 vixisse
1507 2426 1656 2468 cum
1697 2405 1991 2482 Horati0‚
2037 2426 2143 2466 ac-

239 2508 518 2570 curatius
559 2505 664 2566 hic
708 2511 773 2566 et
816 2504 1129 2586 copiosius
1171 2505 1562 2586 expositurus
1600 2505 1811 2567 facere
1837 2527 1967 2567 non
1994 2526 2144 2586 pos-

240 2629 409 2683 sum,
454 2607 640 2688 quin,
687 2627 816 2686 quo
860 2605 1104 2686 planius
1147 2605 1504 2685 certiusque
1550 2606 1629 2667 (le
1668 2604 1831 2683 filio,
1878 2603 2014 2687 ejus
2043 2606 2142 2666 in-

242 2707 460 2792 geniO,
518 2707 646 2767 vita
687 2706 1097 2786 moribusque
1139 2701 1407 2788 judicari
1451 2711 1672 2787 queat,
1716 2707 2018 2766 nolmulla
2063 2707 2143 2766 de

244 2807 438 2889 patris
480 2805 611 2868 vita
653 2806 894 2886 prIVata
909 2850 927 2882 ‚
974 2804 1194 2865 studiis
1224 2805 1540 2886 rebusque
1571 2805 1927 2866 domesticis
1963 2826 2143 2886 prae-

246 2906 510 2966 mittam.
595 2903 752 2964 Nam
795 2923 958 2986 quae
1003 2906 1081 2965 ab
1125 2905 1235 2965 illo
1279 2905 1531 2987 publice
1573 2909 1746 2988 gesta
1789 2911 1961 2982 sunt,
2005 2925 2143 2966 me-

246 3011 495 3067 moratu
551 3024 699 3064 sane
758 3003 1148 3087 dignissima,
1209 3023 1285 3064 ea
1339 3005 1567 3086 partim
1609 3005 1734 3064 huc
1776 3026 1905 3065 non
1948 3005 2146 3086 perti-

247 3111 437 3182 nent,
507 3103 735 3186 partim
793 3105 985 3165 etiam
1039 3125 1285 3164 summa
1347 3125 1489 3165 cum
1545 3124 1696 3165 cura
1752 3125 1957 3186 nuper
1999 3127 2145 3188 per-

250 3211 512 3265 tractata
557 3198 704 3264 sunt
746 3223 782 3262 a
826 3201 904 3264 G.
951 3203 1319 3264 Drumanno
1358 3203 1427 3262 in
1473 3203 1628 3264 Hist.
1672 3203 1853 3265 Rom.
1886 3205 2071 3265 Tom.
2093 3205 2144 3264 l.

248 3327 312 3385 p.
357 3303 458 3365 58.
488 3322 622 3385 sqq.

419 3430 846 3492 M.A11t0nius
893 3394 1252 3509 Triumffir,
1298 3430 1384 3490 M.
1400 3431 1674 3523 μΛηιοωῑῑ
1718 3432 1942 3493 Cretici
1982 3429 2147 3491 filius

251 3537 315 3594 et
357 3531 446 3592 M.
490 3531 743 3605 Antonii
801 3532 1068 3597 oratoris
1122 3552 1323 3614 nepos
1379 3531 1532 3609 fuit,
1596 3537 1755 3605 teste
1809 3531 2146 3592 Plutarcho
