2236 3932
214 142 334 202 194
761 161 870 209 ,nn
917 160 1141 202 cAssm
1189 161 1552 201 muzuensi.

208 298 386 359 Nam
427 305 488 355 et
530 295 781 374 fingenii
813 293 1172 377 plurimum
1216 304 1309 354 est
1349 294 1422 354 in
1465 316 1539 354 eo
1582 305 1643 354 et
1682 294 1784 355 vis
1825 317 2102 370 summa,

209 396 324 455 sed
358 396 508 477 plu-s
550 396 879 455 stomacho
924 414 1122 473 qua-m
1166 392 1431 453 consilio
1475 393 1726 454 dedit.“
1820 394 2104 454 Acerbae

209 494 379 555 enim
423 494 760 555 dicacitatis
815 491 1140 552 hominem
1202 490 1397 553 fuisse
1442 491 1726 553 Cassium
1771 492 2105 567 Severum,

208 599 462 675 praeter
494 592 953 673 Quintilianum
991 589 1145 650 Inst.
1190 588 1303 651 Or.
1346 590 1525 651 Libr.
1551 592 1689 653 VII.
1736 612 1790 652 c.
1808 594 1869 653 3.
1914 601 1964 666 §.
2001 594 2106 652 27.

210 699 271 752 et
312 691 491 752 Libr.
530 690 676 750 XII.
723 711 776 750 c.
811 689 910 749 10.
955 697 1006 763 §.
1055 690 1193 766 11.‚
1252 689 1581 752 confirmat
1623 692 1808 752 etiam
1866 691 2108 752 Auctor

209 791 451 872 Dialog.
496 791 578 873 de
626 787 830 848 Oratt.
875 809 928 850 c.
960 789 1066 850 26.
1111 789 1358 866 dicenS,
1403 809 1551 853 eum
1582 790 1650 850 in
1675 810 1902 872 magna
1931 795 2107 870 parte

208 891 519 951 librorum
563 909 825 948 suorum
865 888 931 949 h.
965 908 1022 948 e.
1067 888 1425 950 orationum
1466 890 1607 970 plus
1648 890 1825 971 puris
1867 884 2107 948 habere

210 1010 397 1070 quam
440 988 752 1070 sanguinis
768 1032 789 1065 ,
841 1006 1114 1067 eumque
1129 1030 1149 1062 ,
1207 993 1568 1069 contempto
1612 989 1831 1050 ordine
1873 1008 2108 1063 rerum,

210 1088 442 1148 omissa
502 1087 817 1148 modestia
873 1107 946 1148 ac
1003 1087 1248 1168 pudore
1305 1087 1647 1148 verborum
1698 1087 1850 1168 ipsis
1897 1087 2109 1162 etiam,

209 1187 440 1267 quibus
469 1191 713 1264 utatur,
762 1187 953 1248 armis
991 1185 1486 1266 incompositum
1517 1190 1582 1246 et
1612 1187 1813 1247 studio
1841 1185 2110 1246 feriendi
2199 1224 2202 1226 -

208 1286 586 1366 plerumque
630 1283 978 1369 dejectum,
1033 1307 1166 1346 non
1207 1283 1520 1367 pugnare,
1566 1284 1678 1344 sed
1720 1284 1940 1345 rixari.

379 1382 582 1468 Hujus
626 1386 885 1466 quidem
929 1383 1258 1445 Cassianae
1313 1384 1656 1444 dicacitatis
1703 1390 1950 1446 servata
1992 1405 2111 1444 no-

212 1484 310 1544 bis
370 1483 619 1544 exstant
674 1484 915 1564 aliquot
969 1483 1350 1544 testimonia.
1465 1483 1883 1564 Quintilianus
1950 1483 2110 1543 Inst.

215 1582 325 1644 Or.
342 1582 519 1643 Libr.
532 1582 708 1643 VIII.
754 1583 890 1643 c.3.
934 1583 1110 1656 §.Sa
1196 1581 1351 1659 „Est
1382 1587 1443 1643 et
1475 1602 1760 1643 amarum
1788 1582 2108 1662 quiddam,

214 1683 386 1762 quod
428 1680 564 1742 fere
606 1682 674 1741 in
719 1682 1098 1742 contumelia
1148 1687 1243 1742 est
1283 1681 1591 1763 positum,
1618 1754 1620 1756 ,
1652 1683 1837 1763 quale
1882 1679 2110 1741 Cassii:

222 1781 397 1860 Quid
418 1779 684 1864 factes,
734 1803 884 1841 cum
924 1779 999 1841 in
1042 1781 1214 1840 bona
1255 1791 1376 1840 tua
1418 1776 1773 1841 invasere?
1831 1781 1951 1840 hoc
1992 1790 2110 1854 est,

215 1902 362 1940 cum
417 1890 480 1940 te
536 1880 811 1941 docuero
869 1878 1118 1941 ‘nescire
1165 1879 1546 1940 maledicere
1559 1879 1684 1959 ³).“
1770 1879 2112 1941 Suetonius

359 2142 412 2197 8)
454 2135 764 2187 Geruhardus
799 2154 877 2185 vv.
913 2155 1021 2186 cum
1055 2148 1101 2185 ie
1136 2163 1206 2174 —-
1241 2135 1528 2187 maledicere
1574 2138 1753 2198 putavit
1801 2153 1908 2186 esse
1955 2134 2113 2202 Quiu-

216 2211 370 2259 tiliani
430 2210 866 2272 interpretationem
921 2210 1174 2258 verborum
1233 2207 1416 2258 Cassii:
1479 2208 1602 2275 quid
1635 2236 1700 2244 -—
1739 2211 1996 2257 invasere:
2060 2208 2111 2256 id

218 2282 345 2343 quod
396 2283 514 2331 satis
556 2282 786 2330 declarari
828 2282 895 2328 ait
940 2297 993 2329 v.
1030 2278 1118 2330 hoc
1153 2292 1239 2329 est.
1324 2280 1513 2330 Deinde
1550 2299 1594 2330 v.
1632 2283 1846 2340 nescire,
1895 2279 2017 2341 quod
2056 2281 2107 2327 in

219 2353 383 2402 Tur-ic.
420 2353 553 2403 Flor.
591 2351 775 2401 Almel.
824 2350 989 2410 deest,
1046 2354 1179 2400 uncis
1232 2353 1420 2400 inclusit
1457 2363 1504 2401 et
1539 2354 1665 2401 male
1700 2351 1911 2400 additum
1944 2352 2112 2400 existi-

219 2427 369 2473 mavit:
417 2426 474 2473 ab
523 2426 624 2484 eis,
689 2423 858 2485 quibus
905 2424 1147 2472 videretur
1194 2420 1390 2472 Cassius
1437 2426 1597 2473 doceri
1633 2441 1725 2471 non
1762 2440 1933 2485 posse,
1982 2421 2112 2484 quod

219 2499 318 2556 iam
363 2496 541 2544 dudum
587 2497 747 2545 sciret.
844 2493 919 2542 Ita
970 2497 1195 2543 rusticam
1248 2494 1352 2543 fieri
1406 2496 1520 2544 dicit
1568 2495 1930 2556 coutumeliam,
1988 2511 2110 2554 quae

220 2569 367 2617 amari
402 2567 515 2629 quid
550 2566 719 2615 habeat
753 2574 800 2615 et
834 2568 979 2634 tecti,
1029 2568 1071 2615 si
1110 2564 1305 2614 Cassius
1338 2567 1518 2616 dicatur
1553 2568 1710 2616 doceri
1746 2566 1795 2614 id
1830 2567 1986 2614 facere
2022 2582 2111 2613 suo

220 2641 349 2702 jure,
415 2638 542 2700 quod
593 2639 745 2687 soleat
790 2638 1082 2722 maledicus3
1141 2638 1272 2684 nulla
1320 2649 1506 2700 accepta
1540 2641 1742 2698 injuria,
1791 2638 1963 2685 facere.
2038 2637 2111 2684 At

221 2721 303 2761 aut
339 2713 532 2774 egregie
567 2711 714 2758 fallor
747 2718 826 2758 aut
861 2727 917 2758 ea
955 2711 1141 2770 omnia,
1188 2726 1308 2770 quae
1354 2712 1528 2759 litteris
1566 2711 1768 2770 obliquis
1803 2709 2111 2770 exprimenda

222 2784 413 2842 curavi,
466 2782 610 2831 verba
659 2779 818 2831 Cassii
863 2789 972 2829 suut
1019 2781 1206 2843 prolata
1255 2799 1282 2830 a
1320 2780 1617 2845 Quintiliano
1662 2790 1895 2841 tamquam
1932 2783 2110 2827 virium

209 2856 276 2918 '(§.
311 2858 419 2911 87.)
456 2871 641 2917 genus,
701 2855 750 2899 in
796 2871 890 2914 quo
938 2869 1146 2901 amarum
1195 2853 1417 2914 quiddam
1453 2857 1533 2903 sit.
1620 2850 1839 2901 Cassium
1876 2849 2110 2899 Severum

223 2935 457 2974 oratorem
507 2925 624 2974 olim
672 2923 885 2986 litigasse
933 2926 1150 2986 suspicor
1196 2941 1301 2972 cum
1350 2933 1507 2973 actore
1561 2925 1728 2973 acerbo
1776 2931 1824 2972 et
1859 2923 2108 2982 mordace3

223 3000 297 3046 cui
330 2999 478 3047 iratus
514 3013 622 3046 cum
652 2995 852 3044 diceret:
919 2994 1057 3064 Quid
1074 2997 1281 3062 jacies,
1329 3014 1436 3045 cum
1474 2999 1528 3044 in
1561 2994 1689 3044 bona
1723 3006 1810 3043 tua
1845 2997 2108 3043 invasero?

221 3068 391 3118 horum
436 3069 655 3130 ambigue
701 3065 930 3114 dictorum
977 3069 1409 3129 interpretationem
1457 3084 1650 3116 necesse
1686 3075 1786 3114 erat
1821 3067 1923 3128 ipse
1959 3067 2109 3125 subji-

223 3151 365 3189 ceret.
450 3138 646 3194 Actoris
687 3138 826 3184 istius
872 3138 1020 3186 veluti
1069 3140 1189 3186 bona
1239 3150 1370 3187 erant
1410 3140 1639 3187 acerbitas
1671 3146 1726 3186 *et
1762 3137 2106 3186 maledicentia.

220 3210 328 3260 Jam
379 3214 431 3260 in
476 3211 593 3259 haec
639 3210 760 3257 bona
797 3210 1044 3258 invasurus
1090 3221 1191 3258 erat
1229 3209 1458 3273 Cassius,
1509 3228 1616 3259 cum
1653 3226 1737 3257 sua
1774 3211 1924 3270 ipsius
1960 3209 2109 3255 male-

222 3284 420 3332 dicentia
456 3286 600 3332 istum
635 3281 852 3340 doceret,
901 3297 1007 3327 eum
1043 3283 1250 3329 nondum
1287 3284 1436 3341 scire,
1492 3282 1607 3343 quid
1643 3288 1769 3329 esset
1803 3280 2108 3330 maledicere.

221 3351 434 3403 Minatur·
480 3356 560 3402 isti
600 3351 850 3400 maledicta
898 3350 1306 3402 vehementissima
1343 3362 1391 3402 et
1424 3362 1543 3401 tecte
1579 3344 1837 3415 significat,
1891 3369 1942 3399 se
1980 3351 2107 3398 male

221 3425 402 3474 dicendi
425 3427 649 3474 facultate
681 3424 823 3485 longe
857 3424 1148 3483 superiorem
1185 3441 1308 3474 esse.
1381 3422 1602 3473 Verbum
1634 3426 1822 3472 nescire
1854 3423 1984 3471 salva
2009 3421 2105 3469 loci

221 3501 452 3546 sententia
499 3499 665 3545 abesse
712 3511 883 3557 posse,
940 3493 1059 3544 vidit
1113 3498 1209 3557 jam
1256 3493 1592 3558 Spaldingius‚
1656 3504 1704 3543 et
1751 3493 1870 3543 mihi
1918 3508 2105 3554 quoque

222 3567 415 3620 Cassius
461 3569 643 3619 dixisse
687 3566 903 3619 videtur:
961 3583 1068 3616 cum
1114 3580 1161 3618 te
1195 3566 1400 3619 docuero
1449 3565 1770 3630 maledicere,
1823 3563 1875 3614 h.
1913 3580 1957 3613 e.
1997 3579 2104 3612 cum
