2236 3932
199 179 230 201 ²
592 187 677 227 nn
721 185 947 228 cAssxo
991 184 1360 227 minutum.
1867 166 1993 231 225

263 323 556 404 Denique
612 321 1015 404 Porphyrion
1072 326 1137 382 et
1194 317 1575 380 Scholiastes
1643 319 1833 408 Cruq.
1891 343 1997 385 re·-

94 422 306 485 fenmt
319 468 340 501 ,
383 423 548 483 illius
594 421 787 483 Cassii
813 420 1058 481 Etrusci
1086 424 1337 481 exstare
1362 418 1751 500 tragoediam
1780 421 1998 500 Thye-

96 531 280 584 stem.
370 520 443 582 Si
483 520 849 581 memineris
862 563 882 595 ,
940 520 1097 579 illud
1153 523 1590 600 argumentum
1634 540 1826 599 quam
1869 520 2000 583 fre-

95 628 365 703 quenter
407 640 444 680 a
485 620 738 701 tragicis
779 619 1106 699 utriusque
1147 617 1368 699 populi
1406 617 1614 698 poetis
1645 618 1714 678 in
1746 640 2000 683 scenam

93 721 284 782 fuerit
335 720 716 800 productum
730 762 750 794 ‚
823 724 899 778 ut
953 717 1221 798 probavi
1275 717 1344 777 in
1376 715 1749 778 'Commenta
1796 720 1874 779 de
1916 720 1999 781 L.

98 818 308 884 Vario
348 820 552 879 Poeta
596 826 645 891 §.
684 818 784 878 13.
827 817 900 877 Ν.
930 818 1069 891 67.;
1139 837 1271 877 non
1325 816 1696 882 incredibile
1739 819 1857 880 tibi
1902 820 2003 882 vi·-

95 918 378 994 debitur,
435 917 627 977 etiam
686 917 973 978 Cassium
1026 915 1399 992 Etruscum,
1459 917 1698 977 malum
1742 919 2002 999 quidem

93 1024 157 1078 at
197 1016 577 1076 industrium
620 1023 896 1096 poetam,
940 1015 1113 1076 idem
1144 1022 1580 1098 argumentum
1606 1019 2001 1081 tractandum

94 1117 216 1176 sihi
260 1115 602 1196 sumpsisse
647 1123 711 1175 et
755 1115 1106 1192 Thyestem
1135 1114 1425 1174 edidisse.
1513 1112 1757 1177 Verum
1785 1123 2002 1181 tamen

94 1216 149 1275 si
190 1215 321 1275 ulla
362 1215 432 1274 in
480 1214 579 1274 his
624 1213 897 1275 Scholiis
940 1214 1133 1275 verba
1188 1212 1591 1293 reperiuntur
1633 1216 1714 1276 de
1758 1217 2002 1300 origine

94 1315 310 1396 spuria
364 1314 435 1373 in
492 1313 918 1393 suspicionem
975 1313 1291 1388 vocanda,
1364 1331 1441 1373 ea
1494 1313 1782 1394 profecto
1837 1323 2001 1395 sunt,

94 1434 257 1494 quae
300 1414 463 1493 apud
517 1420 854 1491 utrumque
898 1410 1312 1471 Scholiastam
1369 1411 1595 1472 iisdem
1636 1413 1856 1474 litteris
1900 1421 2004 1476 to·-

93 1514 421 1591 fidemque
461 1499 719 1588 syllabis
762 1510 1093 1592 legtmtur:
1136 1510 1374 1586 „cujus
1413 1509 1758 1589 tragoedia
1795 1514 2004 1593 Thye-

93 1621 223 1672 ste-3
249 1613 540 1671 exstat.“
579 1607 740 1669 Nam
770 1609 1047 1689 primum
1071 1609 1339 1669 Acronis
1372 1629 1447 1671 ea
1473 1611 1553 1671 de
1579 1631 1653 1672 re
1682 1610 2003 1676 silentium

92 1731 225 1772 non
278 1708 456 1790 parvi
520 1714 617 1768 est
671 1707 1054 1769 faciendum.
1170 1708 1418 1770 Deinde
1475 1709 1680 1786 locus„
1740 1711 1844 1771 cui
1884 1712 2004 1772 ista

93 1809 291 1872 verba
334 1808 502 1868 allita
542 1813 724 1885 sunt,
782 1808 971 1888 plane
1017 1808 1267 1890 ineptus
1310 1815 1410 1869 est
1449 1809 1551 1870 isti
1594 1811 2003 1871 adnotationi.

95 1908 414 1987 Thyestae
463 1906 628 1967 illius
684 1907 1042 1991 tragoediae
1096 1908 1338 1970 mentio
1397 1909 1452 1970 si
1506 1909 1803 1982 facienda*
1848 1916 2001 1987 erat,

97 2027 241 2068 eam
284 2007 619 2087 oportebat
677 2004 976 2091 conjungi
1033 2028 1179 2068 cum
1220 2028 1284 2069 v.
1329 2008 1435 2069 62.
1450 2053 1471 2086 ,
1527 2008 1635 2068 ubi
1680 2009 1761 2069 de
1808 2008 2004 2070 Cassii

94 2105 404 2187 poematis
457 2125 667 2167 sermo
739 2113 925 2168 esset.
1027 2106 1370 2169 Enimvero
1443 2108 1673 2169 sciolus
1743 2109 2002 2189 quidam
2067 2108 2070 2109 ⁷

94 2205 416 2283 librarius,
460 2206 744 2287 quisquis
787 2207 936 2284 fuit,
993 2228 1193 2289 quum
1236 2213 1623 2284 autumaret,
1667 2206 2005 2271 Etruscum

96 2312 163 2368 et
202 2304 610 2370 Palmensem
645 2305 938 2367 ‚Cassimn
978 2329 1182 2367 umun
1225 2313 1287 2368 et
1330 2309 1628 2368 eumdem
1672 2328 1811 2370 esse
1846 2329 2004 2390 poe-

96 2411 228 2468 tam
244 2418 290 2481 ,’
334 2411 398 2465 et
453 2412 851 2486 compertum
890 2407 1189 2483 haberet,
1254 2426 1290 2467 a
1331 2406 1658 2468 Parmensi
1700 2409 2002 2490 scriptam

98 2522 240 2564 esse
283 2502 669 2582 Thyestem,
728 2506 863 2566 sine
906 2505 1322 2567 haesitatione
1363 2506 1518 2584 ista,
1570 2527 1734 2588 quae
1778 2528 2001 2590 suspe-

100 2610 341 2666 ciamus
358 2645 380 2680 ,
450 2604 649 2666 verba
705 2605 992 2688 appinxit
1046 2605 1109 2667 ei
1159 2605 1300 2667 loco
1316 2649 1337 2683 ‚
1407 2605 1478 2667 in
1531 2628 1658 2690 quo
1702 2608 2006 2691 agebatur

96 2862 300 2913 consilio
336 2861 587 2912 admodum
621 2861 835 2926 divena3
872 2862 967 2914 vid.
1005 2861 1209 2927 lutet-pr.
1247 2862 1307 2914 ad
1342 2861 1532 2915 Horatii
1560 2861 1699 2915 Libr.
1729 2861 1771 2916 Ῑ.
1812 2861 1915 2915 Sat.
1948 2870 1998 2918 7.

94 2951 147 2986 v.
181 2940 268 2985 27.
306 2946 355 2984 ct
391 2950 511 2998 quos
537 2936 712 2999 allegat
742 2935 980 2985 Baebi-ins
1016 2937 1075 2986 ad
1100 2934 1338 2986 Plutarchi
1363 2937 1605 2987 Alcibiad.
1634 2955 1675 2986 c.
1699 2943 1784 2987 21.
1813 2940 1998 3000 p.179.

94 3005 239 3065 Adde
272 3008 620 3057 nobilissimum
660 3009 816 3057 locum
854 3006 1134 3058 Callimachi
1169 3026 1233 3058 ex
1269 3007 1453 3073 Hymn.
1492 3012 1540 3059 iu
1566 3008 1734 3072 Apoll.
1774 3027 1822 3060 v.
1850 3014 2001 3060 107.=

230 3074 502 3143 Ἀσσυρίου
543 3085 791 3142 ποταμοῖο
825 3078 982 3144 με’γας
1019 3075 1162 3146 ῥόος·
1200 3077 1331 3130 ἀλλὰ
1367 3076 1431 3131 τὰ
1469 3078 1633 3131 πολλὰ

240 3145 475 3211 Λιῗμιιτα
512 3151 603 3214 γῆς
639 3150 719 3199 καὶ
761 3148 946 3200 πολλὸν
983 3148 1061 3218 ἔφ’
1095 3146 1240 3201 ὕδατι
1279 3149 1534 3222 συρφετὸν
1572 3148 1716 3212 ἕλκει,

99 3237 243 3282 quem
278 3223 321 3270 ci
357 3219 681 3272 Blomlicldns
713 3222 771 3271 ad
809 3222 859 3271 b.
883 3240 929 3271 v.
968 3241 1016 3285 p.
1050 3227 1135 3273 95.
1186 3226 1456 3286 suspicatur
1492 3224 1696 3273 Horatio
1736 3223 1796 3272 de
1834 3221 2003 3274 Cassio

99 3290 302 3342 Eurum
343 3296 567 3343 scribenti
611 3296 914 3343 obversatum
950 3311 1084 3356 etse,
1139 3296 1347 3355 fallitur,
1400 3314 1487 3346 nec
1524 3296 1682 3358 vidit,
1735 3295 2004 3345 diversissi-

98 3381 223 3411 mam
262 3381 368 3413 esse
405 3366 647 3427 utriusque
686 3366 775 3413 loci
817 3366 1061 3415 rationem.
1136 3366 1189 3416 A
1226 3363 1522 3416 Callimacho
1559 3369 1714 3428 enim,
1753 3369 1834 3427 qui
1872 3364 2003 3433 μέγα

98 3434 299 3498 βιβλίον
336 3452 442 3484 ense
478 3439 773 3486 existimaret
805 3435 935 3501 μέγα
972 3433 1154 3499 κακὸν,
1194 3436 1542 3488 illiciet-sibus
1573 3439 2004 3501 perstringiApol-

99 3507 218 3555 lonii
254 3505 431 3555 Rhodii
471 3506 828 3570 Argonautica,
874 3509 1056 3559 ostendi
1094 3512 1143 3559 ia
1179 3511 1326 3560 libr-2
1371 3510 1531 3559 Ueber
1566 3509 1660 3559 das
1694 3509 1864 3560 Leben
1898 3509 2007 3560 und

104 3576 309 3642 Gediclu
341 3577 427 3628 des
461 3579 764 3641 Apollonius
798 3599 843 3630 v.
876 3578 1099 3632 Rhodus.
1136 3579 1272 3648 Καρ.
1298 3581 1340 3633 1.
1379 3584 1423 3646 §.
1459 3588 1542 3633 13.
1580 3600 1628 3645 p.
1657 3587 1742 3635 78.
1767 3598 1843 3646 tq.

174 3658 499 3715 Wucnniu
542 3657 833 3716 Conantur.
1559 3667 1636 3726 13
