2236 3932
714 179 795 221 nn
841 177 1067 221 cAsslo
1101 177 1461 221 mam-mm.
1926 161 2048 235 271

157 316 407 395 „Quod
451 324 565 376 est·
611 316 795 397 apud
845 313 1193 390 cassium,
1248 315 1447 378 Nocte
1505 315 1881 398 intempesta
1934 340 2053 382 no—

159 423 355 483 stram
399 414 654 477 devenit
695 416 1023 475 domum.“
1107 414 1191 475 Et
1227 415 1531 477 Miillerus
1572 417 1902 479 verissime
1945 421 2059 480 ad-

156 515 436 591 monuit,
506 514 614 574 isti
674 514 1051 575 correctioni
1111 515 1304 576 etiam
1344 516 1500 576 illud
1543 517 1829 594 obstare,
1888 521 2058 598 quod

155 613 329 674 Attio
372 632 762 694 praenomen
805 612 1033 688 Lucii,
1077 636 1208 676 non
1256 614 1402 694 Caji
1439 614 1662 676 fuerit:
1705 617 1833 677 vid.
1875 615 2057 680 Libr.

154 713 227 774 Y.
284 722 336 787 §.
383 694 491 787 81).
546 735 612 794 p.
656 713 856 791 32⁵⁰)
954 713 1172 794 Neque
1230 735 1346 797 ego
1406 715 1622 777 dubito
1680 716 1836 797 quin
1889 719 2058 798 apud

157 812 507 872 Varronem
560 811 737 873 Libr.
784 811 887 881 VI.
931 834 994 892 p.
1023 811 1128 873 85.
1170 813 1310 894 Bip.
1369 836 1488 896 pro
1535 815 1737 898 vulg.:
1795 817 2064 896 „Quasi

153 912 650 992 Hellespontum
681 921 743 970 et
770 913 1061 982 clau-stra
1074 918 1146 989 ,“
1187 912 1455 978 Miillero
1482 921 1827 996 praeetmte
1860 917 2056 977 eden-

153 1012 308 1071 dum
350 1012 463 1071 sit.
523 1011 799 1090 „Cassiiz

550 1112 1047 1193 IIelIespontam
1089 1122 1149 1172 et
1190 1113 1566 1186 εἶαιιειναςα

151 1231 280 1292 quo
323 1209 488 1271 facto
533 1233 773 1272 novum
796 1212 1120 1273 lucramur
1148 1211 1500 1294 tragoediae
1532 1211 1859 1279 Cassianae
1886 1214 2056 1301 frag-

150 1318 450 1372 mentum.
542 1313 664 1372 l'ro
708 1333 773 1373 v.
812 1309 1050 1389 Quasi,
1095 1313 1270 1391 quod
1321 1309 1584 1372 Codices
1624 1313 1879 1392 habent,
1926 1315 2055 1398 jam

150 1408 484 1491 Scioppius
514 1407 867 1492 conjecerat
906 1410 1190 1483 Cassius,
1236 1411 1352 1469 sed
1382 1409 1679 1472 Ursinus:
1726 1415 1790 1476 C.
1812 1416 2054 1482 Attius.

151 1508 555 1593 Spengelius,
625 1509 902 1577 retinens
959 1509 1220 1587 quidem
1274 1510 1442 1591 apud
1486 1510 1832 1578 Varronem
1873 1513 2052 1576 Libr.

148 1607 289 1674 ΥΠ.
347 1631 412 1689 p.
462 1610 609 1670 307.
676 1608 1021 1678 ‘lectionem
1092 1609 1438 1691 vulgatam,
1510 1612 1786 1691 pervidit
1844 1619 2054 1683 tamen

144 1728 220 1770 ac
274 1706 596 1770 confessus
657 1714 788 1784 est,
858 1707 928 1768 in
986 1729 1050 1770 v.
1110 1706 1329 1790 quasi,
1401 1709 1502 1771 vel
1567 1711 1648 1771 ob
1694 1732 1872 1793 seqq.
1930 1725 2055 1788 „ut

143 1808 400 1879 Ennius
443 1808 633 1882 αιί,“
674 1809 868 1878 latere
910 1828 1149 1877 nomen
1175 1809 1470 1870 auetoriS.
1555 1812 1696 1887 Qua
1729 1813 1807 1880 de
1834 1833 2054 1876 caussa

145 1908 536 1988 probandam
595 1908 1151 1989 recipiendamque
1210 1909 1374 1970 duco
1431 1908 1687 1978 Miilleri
1731 1910 2062 2000 cgnjectu.

144 2026 285 2068 ram
326 2009 407 2068 ad
441 2007 618 2068 Lihr.
651 2007 791 2067 VH.
837 2015 887 2080 §.
920 2009 1022 2067 21.
1072 2029 1137 2088 p.
1180 2010 1321 2068 127.
1442 2074 1445 2079 ,

312 2106 457 2170 Jam
512 2113 585 2168 ut
642 2128 867 2187 yerum
911 2107 1021 2182 sit,
1086 2107 1383 2169 Cassiam
1425 2111 1765 2190 quemdam
1807 2133 1843 2173 a
1886 2111 2051 2174 Var-

142 2226 301 2268 rone
373 2208 860 2285 commemorari
928 2206 1130 2268 Bruti
1212 2210 1572 2291 tragoediae
1647 2212 2048 2293 scriptorem3

140 2314 357 2370 tamen
400 2309 683 2369 nondum
727 2314 969 2368 certum
1030 2316 1128 2368 est
1172 2309 1705 2390 exploratumque
1726 2355 1746 2388 ,
1807 2331 2051 2375 sermo-

141 2427 294 2467 nem
335 2426 476 2468 esse
523 2409 604 2468 de
650 2407 864 2468 Cassio
907 2407 1255 2468 Parmensi.
1358 2407 1420 2468 Is
1466 2416 1602 2469 erat
1645 2413 1916 2492 aequalis
1958 2413 2048 2475 M.
2079 2436 2087 2448 ·*

141 2505 442 2567 Varronis
459 2550 477 2581 ‚
523 2505 787 2568 fortasse
832 2507 1067 2587 aliquot
1111 2507 1292 2568 annis
1336 2508 1565 2568 minor.
1655 2511 2050 2595 Quapropter

138 2613 361 2682 erunt,
439 2606 547 2687 qui
611 2613 878 2688 negent,
956 2607 1302 2668 Varronem
1374 2608 1701 2688 scriptoris¹
1767 2614 2046 2692 aequalis

136 2707 509 2767 auctoritate
554 2714 620 2767 et
654 2706 1013 2768 testimonio
1047 2727 1236 2772 usmn
1278 2726 1418 2768 esse
1446 2709 1514 2768 in
1541 2708 1662 2770 hoc
1692 2711 1772 2772 de
1799 2712 2044 2800 Lingua

162 2870 364 2876 -..-...--⁴-
380 2870 490 2879 ——-.

278 2962 366 3029 50)
406 2961 644 3013 Varronis
683 2965 824 3013 verba
863 2963 979 3014 haec
1012 2974 1149 3014 sunt:
1205 2962 1426 3023 „Consul
1464 2968 1759 3029 nominatus,
1814 2971 1898 3030 qni
1933 2986 2043 3018 con-

135 3034 314 3083 suleret
366 3038 596 3098 populum
642 3046 688 3086 et
741 3046 988 3101 senatum,
1048 3039 1140 3085 nisi
1194 3038 1329 3086 illinc
1364 3041 1552 3102 potius,
1602 3041 1727 3090 unde
1759 3040 1943 3091 Accius
1979 3044 2045 3091 ait

131 3108 180 3154 in
217 3105 401 3156 Bruto·

537 3179 637 3249 Qui
668 3191 794 3229 recte
828 3179 1073 3241 consulat,
1112 3179 1284 3229 consul
1298 3182 1512 3249 fuat;“

132 3250 210 3296 nbi
263 3246 430 3299 Codex
479 3249 766 3300 Havniensis
827 3251 881 3298 1
877 3253 1007 3300 cutus
1020 3287 1038 3312 ,
1105 3253 1194 3300 snb
1243 3271 1338 3314 quo
1387 3251 1628 3303 Miillerus
1667 3257 1931 3315 suspicatus
1969 3267 2042 3307 est

131 3321 280 3370 latere
322 3320 383 3370 L.
409 3322 630 3382 Accius,
671 3325 759 3371 nisi
799 3324 920 3371 sorte
957 3333 1159 3385 praestat
1197 3326 1244 3372 in
1282 3324 1371 3374 hac
1407 3337 1622 3387 corrupta
1660 3328 1865 3375 lectione
1897 3345 2042 3390 agno-

129 3410 262 3442 scere
302 3412 461 3444 veram
498 3397 698 3444 nominis
735 3397 1043 3456 scripturam:
1105 3396 1308 3458 Anius,
1364 3397 1424 3445 de
1461 3416 1553 3460 qua
1605 3415 1746 3459 supra
1796 3401 1845 3446 in
1895 3399 2040 3451 f'om-

128 3474 274 3512 ment.
329 3463 391 3513 de
431 3462 496 3514 L.
540 3462 702 3514 Vario
743 3465 894 3514 Poeta
932 3469 978 3526 §.
1008 3473 1054 3516 2.
1091 3465 1151 3516 Ν.
1185 3473 1233 3518 7.
1283 3468 1459 3517 dictum
1511 3478 1600 3517 est.
1687 3467 1937 3519 Caeterum
1977 3472 2038 3521 de

128 3533 215 3584 bac
266 3535 391 3585 Attii
453 3537 640 3597 sabula,
701 3555 823 3599 quae
879 3547 1174 3600 praetextata
1220 3539 1343 3604 snit,
1409 3543 1625 3589 conseras
1677 3559 1797 3602 quae
1849 3545 2041 3606 scripsit

128 3605 420 3659 Niebuhrius
454 3611 504 3658 in
539 3607 671 3659 Hinc.
707 3607 849 3667 Rom.
888 3609 1028 3660 '.som
1053 3609 1096 3661 1.
1134 3628 1183 3674 p.
1216 3617 1338 3663 543.
1379 3611 1438 3661 N
1481 3618 1636 3664 1078.
1676 3613 1753 3663 ed.
1789 3621 1837 3664 2.
