2236 3932
685 198 771 243 nn
816 198 876 242 1..
904 196 1113 243 vAmo
1161 201 1401 244 rom-A.
1907 185 1982 248 51

80 342 322 406 moriae
363 338 685 422 proditum
726 338 1011 420 legimus.
1114 336 1246 400 Sed
1295 336 1400 400 vel
1442 337 1566 399 hoc
1607 360 1813 401 unum
1853 342 1988 404 Ho-

80 441 231 503 ratii
270 437 710 501 testimonium
765 438 918 499 satis
976 438 1194 513 docet,
1247 457 1381 501 non
1432 430 1782 519 ignobilem
1820 443 1828 454 ’“
1838 444 1989 503 eum

80 541 279 603 fuisse
309 537 639 599 Comicum
650 535 750 615 ⁴¹).
834 536 1055 618 Neque
1080 536 1315 596 mirum
1344 555 1730 616 quemquam
1752 538 1988 601 habere

81 644 324 722 potest,
369 636 541 718 quod
581 635 753 695 inter
785 643 1007 716 poetas
1052 634 1327 697 comicos
1369 654 1454 695 ne
1485 629 1686 697 verbo
1725 624 1991 721 'quidem

83 736 221 821 ejus
274 734 567 797 meminit
621 734 1048 815 Quintilianus
1061 779 1082 812 ,
1152 734 1265 815 qui
1305 733 1595 795 Asinium
1635 734 1993 798 Pollionem

83 856 342 918 quoque
381 839 717 916 poetarum
758 834 1144 917 tragicorum
1185 854 1455 895 numero
1497 838 1564 895 et
1606 834 1831 896 ordine
1872 855 1992 896 ex-

86 934 366 997 cluserit.
451 932 661 994 Nihilo
703 939 921 994 tamen
962 933 1167 994 secius
1223 939 1467 994 certum
1509 939 1608 995 est
1659 936 1851 1015 atque
1890 935 1994 995 in-

86 1035 476 1110 dubitatum,
522 1052 559 1093 a
595 1032 884 1094 Pollione
926 1032 1048 1093 arti
1088 1033 1372 1113 poeticae
1398 1053 1532 1094 non
1561 1033 1993 1096 illaudabilem

88 1154 353 1216 operam
397 1138 691 1218 navatam
733 1151 891 1193 esse.
995 1132 1133 1208 Qua
1186 1131 1257 1191 in
1297 1151 1370 1191 re
1411 1131 1652 1193 innitor
1691 1153 1822 1194 non
1861 1139 1996 1218 ‘tam

85 1233 448 1294 testimonio
505 1231 788 1293 Senecae
842 1230 1137 1291 Rhetoris
1195 1227 1456 1290 Suasor.
1497 1229 1582 1290 II'.
1625 1253 1691 1312 p.
1724 1234 1825 1293 16.
1850 1231 1993 1315 Bip.

84 1343 214 1408 „ut
264 1342 463 1414 poeta
503 1330 710 1392 Pollio
750 1328 1034 1390 Asinius
1090 1327 1305 1405 aiebat
1320 1326 1486 1406 ⁴²),“
1557 1349 1751 1409 quam
1811 1320 1996 1393 dictis

86 1431 334 1492 Horatii
388 1437 456 1491 et
507 1429 787 1512 Virgilii,
844 1446 1121 1508 quorum
1175 1426 1282 1487 hic
1335 1419 1550 1510 Eclog.
1581 1427 1698 1489 ΠΙ.
1751 1430 1998 1493 Menal-

90 1550 231 1591 cam
272 1535 594 1611 pastorem
634 1526 876 1587 inducit
919 1529 1253 1586 canentem
1293 1545 1358 1587 ν.
1396 1526 1503 1587 86.
1698 1613 1700 1615 q

177 1627 387 1690 Pollio
414 1636 476 1686 et
501 1623 843 1708 v'psesacit
867 1645 1042 1685 nova
1061 1622 1361 1685 carmina
1376 1649 1397 1686 ε
1430 1625 1691 1708 pascite
1705 1636 1998 1705 taurum,

173 1730 327 1789 Jam
367 1747 571 1787 cornu
608 1735 794 1809 petat
835 1734 899 1789 et
937 1723 1211 1808 pedibu-s
1251 1723 1370 1808 qui
1395 1736 1673 1808 spargat
1703 1739 1998 1793 arenam.

238 1928 331 1994 41)
367 1925 651 1976 Torrentius
687 1925 747 1975 ad
782 1923 831 1975 h.
863 1926 900 1975 l.
937 1926 1150 1986 monuit,
1190 1926 1307 1994 Gaje‘
1339 1923 1602 1976 Fundana·
1635 1926 1879 1992 cujusdam
1912 1931 2001 1980 snb

92 1999 322 2066 Angusto
364 2001 568 2048 viventis
604 1999 879 2047 memoriam
916 2006 1151 2047 servatam
1188 2015 1297 2048 esse
1342 2001 1394 2047 in
1428 1998 1630 2062 Numis,
1686 2001 1808 2050 nihil
1843 2012 2002 2052 tamen

94 2073 156 2123 de
194 2076 300 2135 ejus
349 2071 575 2119 facultate
622 2072 807 2133 poetica
857 2078 1091 2119 constare.
1179 2067 1382 2119 Gentem
1418 2069 1740 2121 Fundaniam
1782 2076 2002 2123 consula-

93 2162 197 2194 rem
234 2159 371 2203 ease,
409 2142 607 2204 probant
642 2140 775 2190 Fasti
807 2139 1068 2204 Capitolini
1103 2158 1147 2189 a.
1178 2139 1242 2190 U.
1276 2139 1334 2192 C.
1363 2146 1486 2193 510.
1561 2144 1734 2194 Plures
1764 2143 1806 2193 F
1810 2146 2001 2195 undanii

95 2217 346 2266 memorati
396 2216 702 2263 inveniuntur
742 2215 791 2262 in
834 2211 1056 2275 Inscript.
1102 2230 1181 2275 ap.
1224 2211 1419 2264 Gruter.
1457 2213 1563 2264 lud.
1603 2234 1653 2278 p.
1685 2222 1804 2267 183.
1856 2215 2003 2268 ‚Sunt

95 2290 176 2351 qni
225 2286 350 2335 hunc
399 2295 586 2347 poetam
634 2286 864 2334 comicum
916 2301 1023 2334 esse
1077 2293 1244 2350 putent
1295 2289 1498 2349 amicum
1545 2288 1685 2336 illum
1737 2285 2002 2352 Ciceronis,

99 2361 158 2410 G.
194 2355 544 2418 Fundanium,
599 2359 735 2419 cnjus
772 2358 951 2406 mentio
987 2355 1073 2405 fiat
1107 2359 1157 2405 iu
1191 2355 1330 2407 Libr.
1358 2357 1401 2407 1.
1439 2358 1500 2407 ad
1536 2357 1601 2424 Q.
1632 2357 1717 2409 Fr.
1757 2358 1915 2423 Epist.
1950 2366 2001 2410 2.

95 2430 227 2481 Huic
269 2439 427 2479 antem
478 2430 739 2478 sententiae
784 2446 953 2478 vereor
987 2446 1048 2478 ne
1093 2430 1214 2478 ratio
1249 2432 1475 2492 temporis
1510 2431 1806 2482 adversetur.
1877 2431 2003 2481 Nam

98 2505 142 2552 ia
179 2510 279 2552 erat
315 2517 451 2550 socer
501 2498 576 2550 Μ.
614 2498 828 2550 Terentii
877 2498 1149 2563 Varronis,
1197 2503 1279 2564 qui
1313 2501 1645 2563 Fundaniam,
1685 2501 1743 2553 G.
1769 2503 1810 2551 F
1814 2505 2004 2553 undanii

99 2575 232 2623 illins
270 2571 453 2636 filiam,
491 2573 539 2620 in
577 2574 873 2621 matrimonio
907 2571 1143 2621 habebat:
1196 2572 1294 2622 vid.
1333 2573 1393 2624 de
1426 2572 1488 2623 R.
1528 2573 1592 2624 R.
1630 2573 1769 2624 Libr.
1798 2575 1840 2626 1.
1879 2595 1920 2625 c.
1956 2583 2002 2626 1.

99 2647 147 2709 §.
183 2652 231 2696 1.
270 2662 310 2692 ο.
343 2650 394 2694 2.
433 2647 480 2707 9.
511 2650 559 2692 1.
632 2642 787 2706 Atqui
826 2643 1134 2693 vehementer
1157 2643 1356 2708 dubito,
1391 2662 1504 2694 num
1536 2642 1837 2705 Fundanius,
1874 2646 2004 2696 Var-

99 2719 233 2771 ronia
281 2733 443 2777 socer,
499 2733 621 2765 anno
671 2713 734 2764 U.
770 2712 828 2764 C.
868 2720 988 2767 723.
1034 2715 1086 2764 id
1122 2718 1289 2766 aetatis
1325 2716 1480 2767 adhuc
1524 2735 1633 2767 esse
1669 2721 1902 2780 potuerit,
1951 2728 2004 2767 nt

104 2806 226 2837 nnus
261 2789 476 2837 vivorum
513 2803 670 2836 comes
705 2789 910 2851 garriret
945 2787 1152 2838 libellos.
1208 2787 1434 2840 Fortasse
1469 2798 1608 2856 poeta
1646 2793 1849 2840 comicus
1869 2792 2005 2853 illius

102 2860 231 2909 filins
279 2869 405 2907 erat:
452 2859 574 2921 'qnae
620 2869 779 2908 tamen
827 2861 1094 2918 conjectura
1144 2860 1369 2909 tantidem
1418 2871 1492 2910 est
1537 2860 1780 2921 habenda,
1843 2863 2005 2925 quanti

103 2933 309 2994 auspicio
344 2929 502 2980 Jahnii
541 2931 600 2979 ad
637 2929 687 2979 h.
711 2932 746 2980 l.
785 2949 832 2993 p.
872 2935 1023 2991 261„
1075 2948 1165 2993 qua
1216 2933 1257 2979 is
1296 2933 1442 2981 suerit
1479 2932 1614 2983 filius
1648 2932 1721 2982 M.
1752 2932 2003 2996 Fundanii,

105 3021 192 3065 pro
231 3020 325 3065 quo
362 3001 531 3051 Cicero
566 3003 687 3051 dixit
722 3021 765 3051 a.
791 3001 851 3051 U.
881 3000 940 3052 C.
969 3007 1088 3052 688.
1175 3001 1310 3052 Nihil
1358 3007 1526 3067 etiam,
1575 3006 1765 3053 ariolari
1820 3007 1860 3053 si
1901 3006 2006 3066 pla-

106 3084 210 3136 cet,
276 3074 509 3134 obstabit,
572 3092 666 3136 qno
715 3077 871 3121 minua
923 3083 1211 3133 statuamus,
1266 3074 1393 3124 hunc
1429 3075 1678 3126 Comicum
1722 3093 1829 3124 esse
1866 3076 2006 3126 illum

111 3145 167 3193 G.
218 3144 538 3194 Fundanium
589 3147 832 3208 equitem,
891 3162 1032 3207 quem
1088 3162 1115 3193 a
1163 3145 1299 3195 Sext.
1354 3145 1583 3210 Pompeio
1643 3147 1701 3195 ad
1752 3146 2006 3196 Caesarem

109 3216 421 3279 mmrugiue
456 3233 501 3265 a.
534 3214 597 3266 U.
629 3223 750 3267 709.
790 3225 946 3265 narrat
980 3215 1168 3266 Auctor
1203 3217 1250 3266 d.
1288 3217 1351 3269 B.
1390 3219 1592 3280 Hispan.
1633 3235 1673 3266 c.
1703 3225 1784 3268 11.
1870 3217 2008 3269 Hauc

109 3289 425 3348 conjecturam
464 3287 760 3349 aliquatenus
806 3287 961 3337 firmat
1006 3291 1251 3349 conjuncta
1288 3288 1520 3340 Pollionis
1552 3291 1761 3354 mentio,
1805 3293 1918 3355 qui,
1954 3300 2008 3340 ut

110 3358 226 3421 ine,
263 3357 407 3406 linitis
444 3358 556 3407 belli
594 3360 860 3420 laboribus.
916 3361 965 3407 in
1001 3361 1096 3408 otio
1134 3358 1292 3411 Musis
1323 3364 1466 3412 vixit.

256 3433 345 3487 42)
399 3427 542 3477 Hunc
593 3428 803 3479 Senecae
852 3430 1007 3479 locum
1054 3432 1178 3481 male
1225 3442 1450 3482 tentatum
1500 3449 1608 3482 ease
1658 3449 1684 3481 a
1735 3430 1798 3483 N.
1831 3432 2007 3498 Fabro,

114 3498 186 3551 A.
229 3498 460 3559 Schotto,
500 3499 734 3564 Grutero‚
766 3500 814 3550 J.
842 3500 896 3550 F.
933 3501 1202 3565 Gronovio‚
1241 3505 1375 3565 aliis,
1415 3506 1494 3566 qni
1532 3522 1578 3553 v.
1608 3516 1759 3567 poem
1791 3507 1869 3555 vel
1902 3523 2007 3555 cor·

115 3575 305 3634 rigere,
357 3573 432 3619 vel
478 3572 638 3621 delere
689 3573 950 3631 voluerint,
1002 3574 1162 3624 docuit
1197 3573 1525 3624 Thorbeckina
1560 3577 1609 3625 iu
1646 3574 1907 3629 Comment-
1946 3576 2011 3627 de

117 3646 297 3694 Asinii
331 3643 568 3694 Pollionis
608 3643 715 3694 Wt.
754 3657 800 3695 et
830 3643 1022 3696 Studiis
1051 3643 1230 3700 Doctr.
1269 3666 1316 3711 p.
1352 3652 1472 3698 127.
1504 3663 1581 3710 aq.

1529 3733 1629 3794 4*
