2236 3932
715 196 797 238 nn
843 194 1069 238 cAssto
1106 193 1472 237 namnum.
1942 175 2070 237 269

178 332 482 396 decennio
537 338 716 411 ante,
785 332 1056 416 Augusti
1112 329 1314 415 jussu,
1381 330 1642 392 inermis
1701 335 1765 391 et
1815 331 1885 392 in
1940 333 2069 394 otio

175 434 395 495 vivens
451 432 688 492 misere
743 432 1094 492 trucidatus
1149 430 1372 492 fuerat.
1475 429 1533 490 Ο
1592 429 1828 490 factum
1882 452 2070 512 prae-

177 533 415 593 clarum
458 537 524 591 et
564 531 806 591 Horatii
849 530 1060 590 animo
1105 531 1370 591 candido
1402 550 1474 591 ac
1500 529 1746 590 liberali
1778 529 2066 612 dignum!

175 630 238 691 Is
293 631 463 690 haud
518 630 710 690 dubie
762 625 892 710 jam
934 630 1295 691 adolescens
1338 629 1532 690 Cassii
1571 629 1924 689 Parmensis
1967 629 2071 687 in-

174 730 430 812 genium
473 734 539 788 et
580 728 806 810 scripta
847 728 1131 809 poetica,
1198 750 1282 790 ex
1326 729 1585 810 quibus,
1645 733 1721 787 ut
1762 728 1910 788 alibi
1955 729 2074 789 do-

175 829 491 905 cebimus,
558 823 691 911 jam
748 834 894 888 ante
947 846 1186 886 anmnn
1228 829 1303 888 U.
1345 828 1414 889 C.
1459 830 1606 888 710.
1663 827 1894 888 nobilis
1937 834 2069 887 erat

175 946 251 987 ac
294 927 532 1003 clarus,
592 926 1080 986 admirabundus
1125 933 1525 1008 suspexerat,
1578 945 1850 1006 eumque
1892 934 2070 1008 post-

172 1026 291 1086 hac
351 1027 754 1107 depulsorem
822 1026 1173 1086 dominatus
1242 1046 1315 1087 ac
1375 1026 1683 1086 libertatis
1755 1026 2070 1087 vindicem

168 1125 367 1205 pluris
422 1127 615 1186 etiam
667 1124 893 1186 fecisse
945 1125 1200 1187 videtur
1252 1145 1371 1185 nec
1419 1125 1554 1184 sine
1598 1145 1845 1186 summo
1888 1145 2069 1186 moe-

169 1245 316 1285 rore
374 1226 455 1285 de
512 1222 649 1307 ejus
707 1244 866 1331 nece
920 1225 1319 1285 inaudivisse.
1407 1223 1612 1304 Atque
1659 1230 1734 1283 ut
1776 1230 2068 1284 constans

173 1331 308 1384 erat
378 1326 445 1384 in
502 1325 774 1385 amicitia
842 1330 909 1385 et
976 1342 1190 1383 amore
1261 1323 1529 1383 aliorum
1584 1322 1876 1391 Horatius
1894 1368 1915 1401 ,
1985 1324 2071 1383 ita

172 1425 362 1485 etiam
408 1423 690 1484 Cassium
732 1424 1142 1484 Parmensem
1178 1429 1318 1502 post
1357 1427 1635 1480 mortem'
1659 1423 1765 1502 pie
1805 1423 2069 1498 colebat,
2110 1420 2117 1428 ”

170 1530 237 1582 et
306 1543 452 1583 cum
523 1524 604 1582 ad
678 1522 1004 1582 Tibullum
1065 1521 1442 1596 ἑλεγειοποιὸν
1514 1522 1846 1598 scriberet,
1920 1524 2070 1603 quid

169 1622 373 1702 aptius
419 1628 587 1697 erat,
632 1641 825 1701 quam
867 1621 936 1680 in
978 1620 1096 1680 hac
1134 1621 1215 1680 ad
1257 1620 1531 1680 amiclnn
1580 1621 1840 1700 epistola
1882 1642 2071 1703 prae—

168 1721 531 1781 stantissimi
585 1722 751 1781 illius
810 1724 1037 1802 poetae
1099 1719 1361 1802 elegiaci
1402 1720 1794 1780 mentionem
1833 1719 2067 1800 facere,

169 1828 235 1881 et
293 1821 444 1901 quid
485 1817 838 1896 liberalius,
912 1839 1105 1900 quam
1153 1820 1297 1879 data
1337 1817 1456 1879 hac
1500 1820 1830 1880 occasione
1871 1820 2071 1881 inter-

166 1928 483 1981 mortuam
550 1919 994 1981 commilitonis
1055 1919 1210 1979 olim
1264 1919 1361 1984 sui
1417 1919 1757 1979 crudeliter
1809 1916 2069 2003 jugulati

166 2020 537 2080 memoriam
578 2021 851 2103 ingenua
894 2039 1041 2081 cum
1082 2019 1376 2079 libertate
1418 2037 1727 2080 renovare
1747 2016 1867 2099 im)

1017 2199 1070 2265 ς.
1118 2191 1217 2253 16.

338 2334 677 2415 Reliquum
721 2341 819 2396 est
835 2380 854 2412 ,
900 2335 981 2394 ut'
1015 2335 1094 2395 de
1129 2335 1463 2416 generibus
1494 2338 1843 2398 carminum
1860 2381 1880 2415 ,
1926 2337 2068 2419 qui-

164 2433 284 2492 bus
341 2433 698 2494 Parmensis
758 2433 1004 2495 Cassius
1062 2435 1295 2512 stylum
1365 2437 1720 2497 exercuisse
1776 2438 2065 2514 traditur,

166 2532 520 2615 singulatim
575 2553 832 2617 agamus
891 2539 987 2610 et,
1049 2534 1102 2593 si
1146 2555 1308 2615 quae
1352 2555 1577 2596 eorum
1619 2537 1853 2618 passim
1895 2538 2062 2619 apud

313 2818 406 2883 49)
457 2818 583 2869 Mihi
631 2830 898 2882 temperare
945 2838 1040 2870 non
1091 2838 1282 2883 possum
1335 2823 1450 2884 quin
1496 2822 1573 2872 hic
1607 2823 1830 2872 nonnulla
1870 2841 1931 2872 ex
1965 2823 2062 2873 Fr.

160 2889 546 2953 Jacobsii,‘Viri
574 2894 757 2954 eximii,
795 2891 1155 2943 Miscellaueor.
1186 2893 1316 2956 Opp.
1351 2893 1551 2945 V01.V.
1578 2894 1734 2944 Praef.
1762 2893 1967 2957 p.V111.
1987 2914 2062 2957 sq.

163 2963 440 3024 subjiciam:
478 2964 577 3022 „In
614 2962 710 3012 den
748 2963 1093 3026 Gesinnungen
1140 2964 1226 3014 des
1259 2963 1567 3015 Altertlnums
1610 2971 1672 3016 ist
1715 2964 2065 3036 (Wmhev·zig-

164 3031 261 3082 ken
312 3038 419 3084 eine
459 3033 781 3085 her-rechende
834 3035 1062 3098 Tagend.
1152 3035 1401 3104 qu’ir’ger
1439 3038 1614 3098 Zom,
1664 3038 1834 3087 bittere
1877 3037 2066 3087 Fez'nd-

161 3102 418 3173 sebasten,
479 3107 586 3156 used
639 3126 741 3156 was
804 3106 960 3156 dame'e
1020 3107 1446 3172 zmammenhiingt
1462 3146 1478 3174 ‚
1538 3109 1910 3172 Schmiilmngen
1961 3110 2070 3160 mid

161 3174 515 3228 schneidenden
553 3179 698 3241 Spole
724 3179 911 3245 finden
945 3183 1036 3228 wir
1065 3178 1283 3241 iiber-alh
1327 3179 1459 3231 nicht
1495 3181 1617 3231 aber
1639 3184 1760 3249 jene
1787 3181 1915 3230 kalte
1936 3181 2064 3231 Bos-

162 3245 287 3307 bete,
368 3247 448 3298 die
492 3263 634 3298 uniet·
687 3249 795 3299 dem
837 3249 1042 3300 Scheine
1096 3250 1182 3301 des
1224 3250 1307 3302 W
1298 3250 1572 3303 ohlwollens
1622 3252 1909 3303 vet-munden
1943 3254 2062 3315 will,

163 3317 511 3370 schmeiehelnd
538 3320 766 3371 verhiihnt
808 3321 915 3370 und
949 3326 1035 3371 mit
1064 3321 1395 3387 treuherzv‘ger
1424 3325 1601 3373 Miene
1633 3327 1901 3391 persistit-t.
1974 3324 2066 3375 Ich

162 3390 272 3440 sebe
298 3391 468 3441 keinen
496 3392 676 3443 Grund
687 3432 701 3454 ,
745 3392 825 3442 bei
850 3394 1035 3443 Horaz
1071 3394 1178 3444 und
1199 3399 1364 3445 seinen
1394 3396 1612 3446 PVerken
1648 3400 1752 3445 eine
1776 3395 2066 3446 Ausnahme

162 3462 295 3510 Sum
324 3463 510 3529 finden
548 3482 614 3513 zu
650 3465 829 3514 quen.
921 3464 1106 3534 Off'ene
1137 3466 1391 3537 Angmffe
1416 3467 1600 3535 finden
1636 3471 1725 3516 wir
1769 3467 1846 3517 bei
1886 3466 1982 3517 ihm
2012 3473 2065 3518 in

163 3533 387 3597 Menge,·
445 3539 576 3586 seine
619 3534 949 3604 Feindschast
984 3540 1046 3587 ist
1080 3537 1357 3606 aeff‘ffchtIg
1373 3579 1388 3603 ,
1423 3538 1531 3590 und
1555 3536 1632 3589 ich
1663 3538 1748 3589 bin
1779 3538 2062 3606 iiberzeugt,

166 3606 285 3658 dau
315 3606 442 3658 ancl·
478 3612 610 3659 aeine
635 3607 1009 3678 Fremdschafi
1042 3627 1093 3661 ec
1127 3613 1245 3660 ιἐι.“
