2236 3932
276 153 402 215 108
864 173 947 215 DE
991 174 1054 217 L.
1085 172 1293 217 vAmo
1340 175 1578 216 roE'rA.

275 307 636 369 Accedebat
650 351 672 385 ,
744 309 916 389 quod
981 305 1292 367 Antonius
1365 327 1476 385 eo,
1551 303 1680 390 quo
1735 308 1893 372 haec
1950 309 2174 374 Varius

277 407 627 483 scribebat,
671 411 956 486 tempore
1001 405 1180 465 Italia
1221 405 1486 467 abesset.
1574 408 1808 483 Quidni
1839 409 2027 492 igitur
2051 412 2176 471 Va-

274 506 406 567 rius
422 550 443 584 ,
518 500 953 581 Caesarianus,
1025 523 1213 564 ausus
1268 504 1488 583 fuerit,
1545 506 1897 567 Antonium
1911 551 1932 584 ‚
1983 529 2178 588 quem

274 611 540 668 noverat
583 603 917 664 Consulem
975 621 1088 662 sua
1129 602 1412 664 lubidine
1454 605 1755 668 invidiam
1795 605 2017 668 fecisse
2058 607 2178 688 ipsi

276 701 445 766 Julio
491 702 769 777 Caesari,
816 721 1132 782 quemque
1176 694 1417 764 viderat
1455 703 1699 765 hostem
1739 706 1972 786 patriae
2013 703 2180 789 judi-

274 808 517 878 catum,
586 806 650 861 et
710 805 806 861 tot
863 799 1132 861 Senatus
1188 802 1458 862 decretis
1497 802 1981 886 ignominiisque
2026 826 2181 867 con-

275 901 474 961 cisum
486 923 508 975 ·,
583 918 661 959 60
716 898 786 958 in
857 900 1132 960 carmine
1189 900 1580 981 vimperare,
1653 924 1781 984 quo
1849 904 2180 965 Dictatoris

272 999 504 1060 misere
559 997 853 1058 trucidati
907 998 1174 1060 virtutes
1230 1005 1293 1060 et
1333 1000 1555 1060 merita
1598 999 2006 1064 celebrabat?
2062 1003 2182 1064 Hic

270 1099 412 1180 ipse
454 1091 630 1159 locus
671 1119 804 1159 non
846 1102 1094 1179 poterat
1135 1098 1293 1178 quin
1319 1096 1664 1161 Octaviano
1706 1122 1951 1165 summo
1985 1122 2184 1183 opere

277 1197 581 1278 placeret.
669 1193 882 1273 Quid?
929 1196 984 1256 si
1026 1197 1445 1278 suspicamur,
1488 1198 1748 1259 Varium
1790 1220 1868 1261 eo
1896 1207 2183 1283 tempore

275 1295 599 1378 scripsisse
614 1288 658 1373 ,’
691 1293 819 1377 quo
878 1296 985 1356 ille
1042 1295 1294 1357 difficile
1349 1303 1542 1377 atque
1598 1298 1980 1360 invidiosum
2023 1321 2183 1381 opus

271 1394 623 1478 promissos
647 1395 962 1457 veteranis
988 1415 1169 1478 agros
1201 1397 1618 1458 distribuendi
1631 1417 1954 1479 aggressus
1970 1399 2186 1460 odium

273 1500 338 1556 et
394 1494 749 1556 inimicitias
816 1514 963 1555 cum
1015 1493 1096 1554 L.
1146 1494 1423 1557 Antonio
1495 1501 1558 1556 et
1615 1495 1834 1558 Fulvia
1892 1498 2184 1580 suscepit,

273 1614 405 1675 quo
462 1593 622 1654 nihil
682 1594 917 1676 gratius
983 1591 1106 1674 ipsi
1163 1595 1451 1656 accidere
1505 1601 1788 1676 poterat,
1856 1617 2050 1677 quam
2116 1603 2187 1658 ut

275 1692 482 1755 omnis
534 1692 630 1753 rei
686 1693 921 1754 invidia
977 1692 1048 1752 in
1098 1693 1187 1753 Μ.
1229 1694 1579 1754 Antonium
1619 1688 1973 1756 verteretur
2015 1702 2081 1757 et
2120 1697 2188 1756 in

273 1792 453 1852 Italia
493 1811 628 1851 non
671 1796 804 1851 tam
846 1789 1017 1872 ipse,
1062 1812 1252 1872 quam
1297 1793 1536 1876 collega
1569 1800 1787 1854 auctor
1802 1795 1985 1875 'illius
2022 1795 2190 1856 cala-

274 1889 511 1951 mitatis
565 1889 932 1951 haberetur.
1031 1889 1135 1951 Ad
1187 1891 1378 1952 istam
1420 1893 1592 1953 enim
1635 1913 1931 1975 agrorum
1979 1894 2190 1954 ‹listri-

275 1990 609 2050 hutionem
649 1988 875 2050 referri
918 1995 1162 2071 queunt
1188 1989 1367 2051 Varii
1407 1992 1633 2054 verbaz
1677 2013 1998 2076 agrosque
2032 1993 2191 2073 Qui-

278 2088 483 2150 ritum
514 2087 753 2171 eripuit
765 2110 786 2161 ,-
829 2088 952 2150 nisi
992 2088 1157 2151 forte
1183 2095 1455 2171 praestat
1484 2092 1762 2174 cogitare
1794 2092 1874 2152 de
1903 2089 2191 2175 Pompeii

279 2187 369 2250 M.
412 2187 599 2249 bonis
656 2193 719 2249 et
770 2185 1018 2249 fundisz
1074 2188 1204 2251 vid.
1251 2187 1471 2252 Cicero
1512 2190 1784 2272 Philipp.
1818 2190 1997 2251 ΧΠΙ.
2042 2211 2098 2252 6.
2128 2191 2190 2252 5.

282 2285 455 2369 Quid
511 2282 747 2370 plura?
818 2286 899 2348 ad
955 2288 1251 2349 eumdem
1307 2289 1655 2351 Antonium
1712 2290 1963 2352 videtur
2017 2290 2190 2352 aliud

282 2407 538 2468 quoque
561 2383 879 2469 pertinere
907 2383 1194 2469 ejusdem
1221 2389 1514 2452 carminis
1541 2389 1984 2473 fiagmentum,
2016 2390 2190 2471 quod

284 2491 609 2549 servatum
650 2485 920 2569 legimus
963 2487 1132 2569 apud

453 2655 542 2717 H.
591 2655 988 2719 Macrobium
1031 2656 1288 2722 Saturn.
1315 2658 1495 2721 Libr.
1529 2658 1644 2722 VI.
1688 2681 1744 2722 c.
1780 2660 1874 2722 1.=
1915 2658 2191 2738 „Varius

255 2754 365 2817 de
408 2754 655 2817 Morte=
1019 2827 1023 2832 ¹

373 2855 646 2916 Incubet
687 2866 748 2917 et
794 2855 1007 2939 Tyriis
1018 2901 1042 2934 ,
1089 2867 1284 2941 atque
1324 2879 1410 2919 ex·
1450 2858 1656 2920 solido
1692 2858 1873 2920 hibat
1914 2859 2152 2920 aur0.“

285 2953 471 3016 Hunc
550 2976 808 3037 quoque
890 2977 1153 3020 versum
1235 2957 1500 3024 notavit⁴
1543 2958 1901 3020 Macrobius
1982 2957 2197 3018 imita-

285 3054 459 3116 tione
533 3074 911 3136 expressum
981 3077 1122 3119 esse
1177 3077 1217 3120 a
1273 3056 1537 3141 Virgilio
1595 3057 1828 3141 Georg.
1881 3057 2058 3118 Libr.
2108 3055 2194 3116 II.

287 3173 352 3217 v.
382 3152 532 3215 506.

387 3253 475 3316 Ut
510 3275 771 3333 gemma
813 3254 987 3315 bibat
1001 3299 1024 3331 ,
1068 3264 1130 3316 et
1169 3259 1467 3317 Sarrano
1512 3255 1797 3317 dormiat
1841 3266 2039 3317 ostro.

287 3350 402 3411 ubi
442 3350 630 3415 facile
675 3355 1023 3436 quaesitam
1065 3376 1293 3437 operae
1325 3355 1674 3416 imitatricis
1708 3355 2107 3416 subtilitatem
2133 3359 2196 3412 et

291 3448 648 3513 doctrinam
690 3453 1169 3515 animadvertaS.
1257 3452 1516 3538 Singula
1558 3460 1703 3537 post
1727 3451 2197 3516 Broukhusium

297 3548 380 3611 ad
433 3548 725 3634 Propert.
779 3550 958 3615 Libr.
999 3550 1053 3614 I.
1110 3551 1286 3637 Eleg.
1330 3555 1431 3616 14.
1474 3576 1539 3617 v.
1571 3556 1633 3616 2.
1677 3554 1824 3637 satis
1863 3551 2197 3613 illustravit
