2236 3932
851 213 1190 255 Excunsus
1235 213 1336 254 vi.
1921 193 2034 254 171

136 350 262 411 lius
318 369 356 411 a
411 349 775 426 codicibus,
850 349 971 431 qui
1014 349 1082 410 in
1134 347 1301 410 lect.
1351 347 1603 432 plantis
1655 350 2038 432 conspirent,

135 471 264 511 non
324 449 775 511 discedendum
826 444 1163 508 arbitratus
1196 453 1339 508 est.
1403 474 1405 476 ·
1440 444 1682 507 Omnes
1722 446 1860 509 fere
1900 451 2040 509 Pri-

20 563 21 627 ]
135 549 334 610 seiani
394 547 658 608 Codices
717 547 956 607 habent
1020 547 1301 627 Gratas,
1374 548 1445 603 ut
1513 542 1678 622 apud
1740 539 2041 604 Ovidium

18 628 21 675 ³
135 649 179 707 1.
205 668 260 708 c.
306 645 461 707 Cod.
493 643 732 706 Erfurt.
746 687 767 721 ,
811 666 975 707 unus
1014 647 1303 720 Graves,
1347 641 1636 713 Heidelb.
1686 639 2042 702 Gracchum

15 758 19 795 1
134 745 540 806 Protulerumt
593 743 716 804 hoc
772 742 1193 825 fragmentum
1240 743 1318 803 P.
1368 740 1719 804 Scriverius
1773 739 1841 800 in
1896 740 2044 801 Gol-

16 835 18 860 *
133 846 361 906 lectan.
407 843 541 904 Vet.
586 842 778 925 Trag.
822 864 887 923 p.
922 843 1062 902 156.
1081 885 1100 918 ,
1159 843 1238 903 A.
1280 842 1532 904 Delrius
1582 841 1657 901 -in
1712 837 2042 922 Syntagm.

136 944 325 1026 Trag.
368 941 513 1003 Lat.
557 941 702 1005 Vol.
731 941 892 1023 1.·p.
931 940 1074 1002 151.
1123 942 1202 1003 cl.
1251 943 1431 1018 186„
1504 939 1597 1001 N.
1621 938 1918 1000 Heinsius
1961 939 2044 1000 ad

137 1041 350 1106 Ovidii
405 1043 452 1103 1.
494 1062 551 1103 c.
611 1047 678 1102 et
720 1040 984 1102 Bothius
1042 1042 1109 1101 in
1151 1042 1329 1103 Poet.
1375 1039 1565 1101 Scen.
1606 1038 1750 1099 Lat.
1792 1037 1933 1100 Vol.
1961 1037 2042 1099 V.

135 1143 204 1202 P.
238 1144 294 1202 1.
331 1164 394 1223 p.
426 1144 607 1217 272„
653 1140 766 1221 qui
808 1151 1137 1223 sequentes
1179 1141 1375 1202 edidit
1417 1145 1490 1200 et'
1523 1139 1731 1219 prisce
1773 1139 2046 1199 humum

133 1262 253 1324 pro
296 1242 537 1302 humus
590 1240 717 1301 dici
773 1238 1118 1303 adnotavit.
1191 1239 1551 1300 'Caeterum
1595 1234 1896 1320 ejusdem·
1917 1244 2055 1299 tra-?

134 1342 396 1423 goediae
446 1338 734 1403 Gracchi
768 1339 1157 1402 mentionem
1198 1338 1349 1400 facit
1390 1337 1578 1398 etiam
1621 1334 1924 1420 Apuleius
1962 1339 2053 1400 de*

135 1441 430 1524 Orthogr.
475 1448 527 1514 §.
558 1441 663 1500 ⁵1.
709 1439 944 1501 scilicet
984 1457 1071 1499 ex
1115 1436 1378 1499 Ovidio!
1405 1455 1517 1483 -—·-³
1535 1437 1737 1498 Porro
1778 1436 2046 1498 Priscia-

0 1608 1 1618 χ
132 1561 252 1600 nus
295 1540 475 1600 Libr.
518 1538 630 1598 VI.
674 1561 740 1619 p.
783 1539 931 1599 683.
977 1538 1047 1597 Ρ.
1106 1558 1162 1599 c.
1193 1537 1256 1596 3.
1315 1545 1365 1611 §.
1403 1537 1503 1597 15.
1548 1535 1668 1596 Kr-
1727 1535 2044 1613 „Quidam

133 1647 345 1700 tamen
398 1645 690 1701 veterum
745 1638 947 1699 etiam·
994 1636 1302 1698 feminino
1356 1656 1588 1720 genere
1630 1635 1754 1697 hoc
1799 1635 2049 1716 (cardi-

131 1738 309 1817 nem)
353 1738 772 1819 protulerunt.
861 1736 1209 1798 Gracchus-
1227 1737 1297 1796 in
1339 1736 1664 1797 Atalantaz

225 1838 281 1899 Ο
314 1847 521 1916 grata
564 1838 766 1897 cardo
780 1879 802 1911 ,
847 1835 1101 1915 regium
1142 1857 1472 1915 egressum
1512 1835 1891 1923 indicqmss

135 1936 243 1998 Sic
293 1936 578 1998 Gracchi
614 1957 852 1998 nomen
894 1937 1028 1998 sine
1070 1927 1489 2018 praenomine.
1525 1935 1756 2019 legitur-
1795 1935 1865 1995 in
1895 1936 2046 1996 ⁴edi--

132 2037 308 2098 tione
349 2036 658 2114 Putschii,
728 2058 849 2099 nec
906 2037 1257 2118 quidquam
1306 2036 1625 2099 varietatis
1668 2055 1755 2108 ex
1800 2034 2048 2096 Codici-

132 2137 254 2196 lms
298 2136 578 2198 enotavit
619 2136 942 2198 Krehlius.
1029 2137 1239 2213 Quare
1282 2158 1413 2198 non
1455 2137 1673 2214 video,
1720 2135 1919 2217 quid,
1973 2141 2052 2196 ut>

132 2234 206 2298 N.
266 2235 556 2298 Heinsius
615 2237 736 2314 ait,
807 2236 887 2298 G.
925 2235 985 2298 J.
1024 2237 1248 2298 Vossio
1311 2237 1392 2297 de
1448 2236 1710 2320 Analog.
1767 2234 1949 2297 Libr.
1991 2233 2046 2296 I.

134 2356 189 2397 c.
231 2338 336 2397 22.
393 2335 602 2398 fraudi
648 2351 811 2399 ‘esse
865 2337 1183 2419 potuerit,
1255 2337 1379 2398 nisi
1434 2335 1643 2398 Index
1696 2334 2047 2398 Auctorum

133 2435 547 2497 Putschianus
564 2481 586 2514 ,
657 2437 725 2498 in
781 2458 911 2518 quo
967 2456 1107 2518 per·
1128 2455 1417 2499 errorem
1457 2437 1674 2499 nescio
1717 2437 1923 2499 dicam
1965 2456 2046 2497 an

131 2555 252 2617 per
292 2536 743 2620 negligentiam
786 2528 996 2598 eidem
1046 2537 1114 2600 C.
1149 2536 1445 2599 Graccho
1459 2580 1479 2614 ,
1525 2537 1630 2598 cui
1658 2535 1859 2600 oratio
1890 2556 2046 2598 con-

133 2642 233 2696 tra
276 2636 351 2712 Q.
393 2636 732 2697 Aemilium
774 2637 1187 2697 Tuberonem
1230 2637 1379 2697 data
1421 2643 1552 2716 est,
1596 2635 1663 2698 h.
1694 2657 1754 2699 e.
1783 2636 2044 2697 tribuno

132 2735 339 2817 plebis
400 2756 460 2797 a.
503 2736 579 2797 U.
626 2736 697 2798 C.
743 2736 892 2798 632.
907 2781 929 2815 ,
991 2736 1184 2798 etiam
1240 2735 1664 2820 fragmentum
1698 2735 2043 2816 Thyestae

132 2834 495 2918 tragoediae
568 2837 990 2919 adscriptum,
1076 2834 1252 2897 hunc
1316 2841 1526 2898 autem
1562 2910 1565 2913 ,
1595 2856 1683 2899 ex
1750 2836 2041 2897 Atalanta

134 2932 403 2996 Gracchi
457 2937 776 2997 senarium
830 2957 914 2998 ne
971 2940 1396 2998 memoratum
1459 2936 1721 3018 quidem
1789 2935 2040 2999 inveni-

134 3053 297 3094 mus.
413 3033 624 3097 Vossii
692 3056 978 3098 errorem
1043 3035 1351 3097 intactum
1418 3038 1839 3118 praetermisit
1897 3035 2038 3097 Car.

132 3131 537 3196 Foertschius
551 3179 571 3213 ,
627 3136 1136 3220 diligentissimus
1182 3133 1519 3198 Aristarchi
1560 3136 1848 3199 Vossiani
1903 3135 2041 3196 edi-

135 3238 268 3308 tor,
337 3233 409 3294 P.
455 3234 509 3296 I.
571 3257 634 3316 p.
682 3238 828 3298 352.
898 3242 961 3297 et
1017 3235 1295 3297 Putschii
1356 3236 1799 3321 negligentiam
1854 3235 2043 3297 doleo

134 3339 490 3412 susceptam
532 3355 674 3397 esse
717 3343 783 3397 et
822 3342 1227 3419 propagatam
1270 3355 1310 3398 a
1348 3337 1655 3413 Krehli05
1699 3334 1815 3418 qui
1843 3334 2048 3397 Grac-

135 3429 235 3489 chi
293 3432 652 3496 orationum
711 3435 1060 3519 fragmenta
1118 3442 1339 3499 contra
1396 3438 1471 3515 Q.
1513 3436 1857 3499 Aemilium
1905 3435 2041 3496 Tu·-

137 3529 442 3594 beronem
503 3531 680 3596 Libr.
725 3535 841 3597 111.
897 3556 954 3598 c.
995 3537 1060 3599 2.
1114 3543 1170 3612 §.
1207 3539 1273 3599 8.
1332 3542 1399 3599 et
1455 3533 1738 3619 ejusdem
1794 3555 1938 3620 pro·
1971 3557 2038 3599 se
