2236 3932
218 126 304 188 40
805 143 887 184 1111
934 142 1245 185 L.VAR10
1292 138 1530 182 rom-A.

222 284 397 365 quin
434 280 584 343 odio
627 277 888 340 haberet
941 275 1205 391 ejusque
1246 275 1659 358 patrocinium
1699 278 2111 337 aversaretur.

220 384 432 458 Idem,
488 379 607 460 qui
649 384 786 439 erat
826 375 965 459 ejus
1019 377 1264 437 animus
1303 375 1569 456 priscae
1590 374 1999 455 simplicitatis
2041 394 2114 434 ac

222 479 571 544 severitatis
611 478 927 539 studiosus
941 519 964 552 ,
1031 496 1160 534 non
1213 473 1414 555 magis
1462 473 1836 549 Maecenati,
1899 473 2114 533 solutis

225 577 658 643 obambulanti
700 575 926 636 tunicis
940 619 959 650 ,
1007 579 1255 653 poterat
1294 571 1528 635 favere.
1617 567 1959 655 Cujuslibet
1998 571 2116 654 igi-

215 676 329 740 tur
371 677 527 738 alius
568 673 838 735 Romani
879 672 1157 752 potentis
1199 671 1461 754 gratiam
1504 671 1847 732 scribendis
1892 671 2118 731 carmi-

224 779 414 839 nibus
458 778 762 856 expetere
806 769 1076 846 studuit,
1132 791 1321 851 quam
1351 770 1732 831 Maecenatis
1776 775 1884 831 aut
1926 768 2118 830 Geta-

222 877 430 942 viani:
484 875 552 933 id
596 869 774 950 quod
817 868 1005 928 etiam
1037 869 1308 949 primae,
1355 887 1511 950 quas
1555 870 1830 950 scripsit,
1876 868 2119 930 Satirae

224 974 555 1059 perspicue
594 989 713 1031 nos
758 968 1006 1028 docent.
1103 966 1349 1028 Accidit
1399 963 1553 1030 vero
1599 975 1818 1030 contra
1859 989 1932 1029 ac
1975 987 2122 1049 spe·-

225 1075 478 1136 raverat
512 1074 577 1129 et
615 1067 886 1129 fortasse
931 1071 1286 1148 optaverat,
1327 1073 1400 1127 ut
1424 1067 1804 1129 Maecenatis
1841 1068 2122 1129 maxime

225 1168 576 1255 patrocinio
619 1172 687 1227 et
725 1165 1094 1226 liberalitate
1151 1187 1238 1228 ex
1278 1166 1557 1227 tenebris
1597 1167 1664 1226 in
1703 1168 1913 1228 lucem
1953 1167 2124 1229 velut

219 1288 514 1334 emersus
553 1286 711 1328 mox
735 1265 1015 1327 beatiore
1046 1265 1360 1328 frueretur
1385 1266 1554 1329 vitae
1578 1263 1918 1347 rerumque
1945 1272 2122 1329 statu.

1094 1433 1145 1500 §.
1201 1425 1266 1485 8.

397 1554 589 1618 113111..
609 1555 665 1616 si
697 1553 1070 1636 quaeritur,
1141 1575 1270 1634 quo
1324 1554 1394 1615 in
1461 1552 1733 1615 carmine
1796 1551 2128 1613 scribendo

228 1654 525 1716 Horatius
540 1697 561 1732 ,
617 1653 727 1735 qui
768 1672 837 1714 se
879 1653 1058 1734 poesi
1098 1659 1320 1714 natum
1361 1653 1657 1729 sentiret,
1713 1652 1989 1733 primum
2028 1651 2129 1713 vi-

227 1755 397 1816 rium
439 1773 696 1828 suarum
730 1752 1088 1832 :periculum
1121 1750 1344 1813 fecerit
1378 1758 1570 1832 atque
1597 1751 1894 1825 ediderit3
1937 1770 2129 1811 nemo

228 1853 413 1914 facile
428 1895 452 1929 ,
508 1853 699 1912 credo
714 1895 736 1929 ,
807 1851 1120 1911 dubitabit
1177 1852 1476 1912 accedere
1535 1850 1831 1911 Massono
1887 1849 1957 1910 in
1996 1849 2130 1912 Vit.

227 1952 447 2013 Horat.
490 1971 554 2031 p.
583 1952 866 2011 69.÷110n
906 1956 1146 2011 temere
1189 1950 1528 2031 suspicanti
1542 1994 1563 2026 ,
1622 1948 1892 2010 Satiram
1933 1947 2132 2031 septi-

228 2070 410 2112 mam
459 2048 645 2109 Libri
693 2048 749 2110 Ι.
805 2049 1090 2110 011111111111
1103 2093 1125 2126 ,
1199 2070 1363 2130 quae
1417 2055 1722 2130 umquam
1778 2047 2133 2110 Venusinus

231 2150 341 2210 ille
396 2148 778 2228 scripserit‚·-
799 2149 1161 2210 *carminum
1214 2149 1492 2230 primum
1534 2167 1692 2209 esse.
1789 2147 1951 2208 Huic
1997 2168 2135 2208 car-

231 2247 390 2309 mini
405 2290 427 2324 ,
485 2248 680 2327 quod=
697 2248 974 2310 ‘videtur
1029 2249 1286 2309 ineunte
1341 2252 1512 2308 annov
1549 2247 1624 2307 U.
1656 2246 1728 2307 C.
1762 2248 1909 2307 714.
1954 2247 2135 2308 evul-

233 2351 445 2431 gatum
516 2366 690 2424 esse,
726 2385 729 2387 -
763 2344 1123 2430 subjecerat
1190 2368 1330 2408 rem
1397 2347 1770 2428 quamdam,
1837 2366 2002 2426 quae
2067 2346 2136 2406 in

235 2445 450 2506 castris
505 2445 689 2506 Bruti
745 2445 958 2506 Asiam
1012 2447 1401 2527 provinciam
1458 2466 1575 2527 pro
1635 2444 1902 2506 Consule
1956 2465 2015 2506 a.
2057 2445 2136 2507 U.

235 2543 308 2605 G.
333 2544 413 2604 71
427 2545 484 2606 1.
526 2546 804 2606 tenentis¹
836 2545 1176 2623 acciderat,
1224 2546 1449 2607 levem
1491 2545 1785 2626 quidem,
1829 2549 1894 2606 at
1932 2543 2137 2626 perri-

231 2643 512 2704 diculam
568 2643 856 2725 profecto
926 2651 1015 2705 et.
1043 2645 1373 2722 idoneam,
1444 2645 1510 2705 in
1577 2664 1702 2724 qua
1766 2644 2137 2724 exponenda

237 2748 423 2824 poeta
479 2739 786 2826 juvenis,
831 2742 1152 2804 Lucilium
1209 2744 1630 2804 aemulaturus
1643 2786 1662 2821 ,
1722 2742 1996 2824 primum
2036 2741 2139 2802 in-

228 2842 425 2924 genii:
473 2842 572 2902 sui
627 2842 964 2923 ..specimen
1036 2844 1210 2904 daret
1225 2843 1321 2922 32).
1429 2842 1606 2902 Hanc
1675 2839 1946 2901 Satiram
2002 2841 2138 2903 sine

240 2941 435 3002 dubio
476 2941 770 3002 Horatius
783 2986 803 3019 ,
847 2942 1212 3022 priusquam
1245 2941 1480 3023 publici
1508 2937 1662 3022 juris
1690 2938 1945 3016 faceret,
1988 2939 2139 2999 Vir-

229 3039 394 3121 'gilio
426 3041 686 3149 tradidit
721 3040 1072 3123 legendam.
1172 3041 1236 3102 Is
1281 3063 1424 3102 cum
1454 3038 1544 3101 L.
1578 3037 1773 3099 Vario
1788 3083 1811 3117 ,
1855 3059 1968 3099 suo
2008 3034 2138 3121 jam

386 3213 477 3281 32)
503 3160 767 3266 Horatium
818 3212 870 3259 in
905 3210 1029 3260 Asia
1061 3213 1217 3274 ipsum
1253 3213 1438 3270 fuisse,
1491 3210 1781 3275 argumentis
1818 3217 1915 3258 tam
1945 3208 2139 3257 eviden-

244 3277 372 3330 tibus
433 3292 481 3331 et
542 3282 603 3332 ad
672 3271 1056 3346 persuadendum
1124 3283 1482 3333 accommodatis
1551 3283 1892 3331 demonstravit
1951 3279 2136 3329 Theod.

245 3349 519 3408 Schmidius
568 3354 629 3403 ad
677 3353 818 3402 Libr.
843 3352 885 3401 I.
931 3352 1088 3415 Epist.
1123 3361 1207 3405 11.
1262 3373 1309 3404 v.
1342 3361 1391 3405 7.
1420 3372 1526 3416 sqq.
1546 3390 1562 3417 ‚
1615 3362 1670 3402 ut
1703 3370 1796 3401 non
1844 3352 2039 3400 dubium
2076 3353 2140 3399 sit

245 3424 361 3484 quin
395 3425 621 3474 ridiculae
651 3427 790 3476 istius
825 3427 997 3484 rixae,
1037 3443 1178 3487 quam
1214 3424 1351 3476 Libr.
1385 3425 1428 3475 l.
1466 3424 1572 3491 Sat.
1607 3431 1658 3479 7.
1696 3424 1948 3485 describit,
2000 3424 2138 3471 testis

243 3493 389 3541 suerit
426 3490 696 3558 αὐτόπτης.
776 3493 837 3545 111
885 3495 1053 3554 eadem
1096 3500 1326 3547 sententia
1372 3506 1447 3546 est
1491 3494 1602 3547 Gar.
1641 3493 1906 3546 ‘Passovius
1939 3495 1990 3544 in
2029 3491 2135 3543 Vit.

243 3563 431 3614 Horat.
470 3585 520 3628 p.
547 3566 782 3617 XXXII.
820 3565 930 3636 Not.
964 3573 1047 3617 92.
