<?xml version="1.0" encoding="UTF-8"?>
<!DOCTYPE html PUBLIC "-//W3C//DTD XHTML 1.0 Transitional//EN"
    "http://www.w3.org/TR/xhtml1/DTD/xhtml1-transitional.dtd">
<html xmlns="http://www.w3.org/1999/xhtml" xml:lang="en" lang="en">
 <head>
  <title>
</title>
<meta http-equiv="Content-Type" content="text/html;charset=utf-8" />
  <meta name='ocr-system' content='tesseract 3.04.00' />
  <meta name='ocr-capabilities' content='ocr_page ocr_carea ocr_par ocr_line ocrx_word'/>
</head>
<body>
  <div class='ocr_page' id='page_1' title='image "./deluciivariietca00weicuoft_0300.png"; bbox 0 0 2236 3932; ppageno 0'>
   <div class='ocr_carea' id='block_1_1' title="bbox 233 117 1578 180">
    <p class='ocr_par' dir='ltr' id='par_1_1' title="bbox 233 117 1578 180">
     <span class='ocr_line' id='line_1_1' title="bbox 233 117 1578 180; baseline -0.004 0"><span class='ocrx_word' id='word_1_1' title='bbox 233 117 363 180; x_wconf 85' lang='lat'><strong>282</strong></span> <span class='ocrx_word' id='word_1_2' title='bbox 815 137 899 178; x_wconf 78' lang='lat' dir='ltr'><strong>nr:</strong></span> <span class='ocrx_word' id='word_1_3' title='bbox 944 135 1170 177; x_wconf 75' lang='lat' dir='ltr'><strong>cAssm</strong></span> <span class='ocrx_word' id='word_1_4' title='bbox 1214 134 1578 176; x_wconf 72' lang='lat' dir='ltr'><strong>rAnMENsr.</strong></span> 
     </span>
    </p>
   </div>
   <div class='ocr_carea' id='block_1_2' title="bbox 132 262 2134 3629">
    <p class='ocr_par' dir='ltr' id='par_1_2' title="bbox 132 262 2134 3629">
     <span class='ocr_line' id='line_1_2' title="bbox 235 262 2131 336; baseline -0.002 -1"><span class='ocrx_word' id='word_1_5' title='bbox 235 272 466 335; x_wconf 90' lang='lat' dir='ltr'><strong>lentiae</strong></span> <span class='ocrx_word' id='word_1_6' title='bbox 501 293 636 336; x_wconf 84' lang='lat' dir='ltr'><strong>non</strong></span> <span class='ocrx_word' id='word_1_7' title='bbox 689 271 990 334; x_wconf 84' lang='lat' dir='ltr'><strong>ferendae</strong></span> <span class='ocrx_word' id='word_1_8' title='bbox 1044 275 1260 330; x_wconf 90' lang='lat' dir='ltr'><strong>notam</strong></span> <span class='ocrx_word' id='word_1_9' title='bbox 1312 269 1612 330; x_wconf 87' lang='lat' dir='ltr'><strong>inureret.</strong></span> <span class='ocrx_word' id='word_1_10' title='bbox 1696 262 1801 330; x_wconf 78' lang='lat' dir='ltr'><strong>Et‘-</strong></span> <span class='ocrx_word' id='word_1_11' title='bbox 1821 286 1968 330; x_wconf 89' lang='lat' dir='ltr'><strong>cum</strong></span> <span class='ocrx_word' id='word_1_12' title='bbox 2005 291 2131 332; x_wconf 90' lang='lat' dir='ltr'><strong>non</strong></span> 
     </span>
     <span class='ocr_line' id='line_1_3' title="bbox 235 367 2131 454; baseline -0.003 -20"><span class='ocrx_word' id='word_1_13' title='bbox 235 372 441 454; x_wconf 83' lang='lat' dir='ltr'><strong>solum</strong></span> <span class='ocrx_word' id='word_1_14' title='bbox 480 371 652 453; x_wconf 85' lang='lat' dir='ltr'><strong>ipse,</strong></span> <span class='ocrx_word' id='word_1_15' title='bbox 707 371 1049 450; x_wconf 82' lang='lat' dir='ltr'>respiciens</span> <span class='ocrx_word' id='word_1_16' title='bbox 1091 367 1328 430; x_wconf 85' lang='lat' dir='ltr'><strong>famam</strong></span> <span class='ocrx_word' id='word_1_17' title='bbox 1341 411 1361 445; x_wconf 90' lang='lat'><strong><em>,</em></strong></span> <span class='ocrx_word' id='word_1_18' title='bbox 1422 389 1544 449; x_wconf 90' lang='lat' dir='ltr'><strong>qua</strong></span> <span class='ocrx_word' id='word_1_19' title='bbox 1557 412 1577 446; x_wconf 82' lang='lat'>‚</span> <span class='ocrx_word' id='word_1_20' title='bbox 1621 374 1780 431; x_wconf 85' lang='lat' dir='ltr'><strong>teste</strong></span> <span class='ocrx_word' id='word_1_21' title='bbox 1823 367 2131 431; x_wconf 83' lang='lat' dir='ltr'><strong>Suetonio</strong></span> 
     </span>
     <span class='ocr_line' id='line_1_4' title="bbox 235 466 2134 550; baseline -0.001 -19"><span class='ocrx_word' id='word_1_22' title='bbox 235 491 290 531; x_wconf 89' lang='lat' dir='ltr'><strong>c.</strong></span> <span class='ocrx_word' id='word_1_23' title='bbox 335 472 438 544; x_wconf 78' lang='lat'><strong>94.</strong></span> <span class='ocrx_word' id='word_1_24' title='bbox 460 514 480 547; x_wconf 69' lang='lat'><em>9</em></span> <span class='ocrx_word' id='word_1_25' title='bbox 554 469 869 550; x_wconf 38' lang='lat' dir='ltr'><strong>Apollinis(</strong></span> <span class='ocrx_word' id='word_1_26' title='bbox 911 468 1078 528; x_wconf 89' lang='lat' dir='ltr'><strong>filius</strong></span> <span class='ocrx_word' id='word_1_27' title='bbox 1135 466 1507 544; x_wconf 69' lang='lat' dir='ltr'><strong>ferebatur,</strong></span> <span class='ocrx_word' id='word_1_28' title='bbox 1568 469 1737 529; x_wconf 87' lang='lat' dir='ltr'><strong>cultu</strong></span> <span class='ocrx_word' id='word_1_29' title='bbox 1789 467 2134 549; x_wconf 85' lang='lat' dir='ltr'><strong>habituque</strong></span> 
     </span>
     <span class='ocr_line' id='line_1_5' title="bbox 214 566 2131 645; baseline -0.001 -15"><span class='ocrx_word' id='word_1_30' title='bbox 214 570 401 632; x_wconf 85' lang='lat' dir='ltr'><strong>illius</strong></span> <span class='ocrx_word' id='word_1_31' title='bbox 458 569 560 629; x_wconf 86' lang='lat' dir='ltr'><strong>dei</strong></span> <span class='ocrx_word' id='word_1_32' title='bbox 602 566 1029 640; x_wconf 82' lang='lat' dir='ltr'><strong>accubuisset,</strong></span> <span class='ocrx_word' id='word_1_33' title='bbox 1101 567 1215 627; x_wconf 83' lang='lat' dir='ltr'><strong>sed</strong></span> <span class='ocrx_word' id='word_1_34' title='bbox 1257 572 1540 630; x_wconf 89' lang='lat' dir='ltr'><strong>caeteros</strong></span> <span class='ocrx_word' id='word_1_35' title='bbox 1582 568 1773 629; x_wconf 85' lang='lat' dir='ltr'><strong>etiam</strong></span> <span class='ocrx_word' id='word_1_36' title='bbox 1815 568 2131 645; x_wconf 81' lang='lat' dir='ltr'><strong>convivas,</strong></span> 
     </span>
     <span class='ocr_line' id='line_1_6' title="bbox 233 665 2134 746; baseline -0.001 -17"><span class='ocrx_word' id='word_1_37' title='bbox 233 668 537 732; x_wconf 85' lang='lat' dir='ltr'><strong>ementito</strong></span> <span class='ocrx_word' id='word_1_38' title='bbox 583 667 849 726; x_wconf 87' lang='lat' dir='ltr'><strong>deorum</strong></span> <span class='ocrx_word' id='word_1_39' title='bbox 905 667 1293 746; x_wconf 90' lang='lat' dir='ltr'><strong>dearumque</strong></span> <span class='ocrx_word' id='word_1_40' title='bbox 1335 665 1589 741; x_wconf 81' lang='lat' dir='ltr'><strong>habitu,</strong></span> <span class='ocrx_word' id='word_1_41' title='bbox 1663 687 1896 729; x_wconf 90' lang='lat' dir='ltr'><strong>coenae</strong></span> <span class='ocrx_word' id='word_1_42' title='bbox 1955 667 2134 728; x_wconf 88' lang='lat' dir='ltr'><strong>adhi-</strong></span> 
     </span>
     <span class='ocr_line' id='line_1_7' title="bbox 232 750 2128 847; baseline -0.001 -20"><span class='ocrx_word' id='word_1_43' title='bbox 232 768 500 842; x_wconf 87' lang='lat' dir='ltr'><strong>buisset,</strong></span> <span class='ocrx_word' id='word_1_44' title='bbox 546 771 726 825; x_wconf 89' lang='lat' dir='ltr'><strong>aucta</strong></span> <span class='ocrx_word' id='word_1_45' title='bbox 755 770 850 825; x_wconf 88' lang='lat' dir='ltr'><strong>est</strong></span> <span class='ocrx_word' id='word_1_46' title='bbox 869 764 1195 847; x_wconf 86' lang='lat' dir='ltr'><strong>insigniter</strong></span> <span class='ocrx_word' id='word_1_47' title='bbox 1234 764 1333 825; x_wconf 90' lang='lat' dir='ltr'><strong>rei</strong></span> <span class='ocrx_word' id='word_1_48' title='bbox 1372 765 1627 827; x_wconf 82' lang='lat' dir='ltr'><strong>infamia</strong></span> <span class='ocrx_word' id='word_1_49' title='bbox 1656 767 1894 828; x_wconf 88' lang='lat' dir='ltr'><strong>Romae</strong></span> <span class='ocrx_word' id='word_1_50' title='bbox 1938 750 2005 827; x_wconf 80' lang='lat' dir='ltr'><strong>et</strong></span> <span class='ocrx_word' id='word_1_51' title='bbox 2048 766 2128 827; x_wconf 89' lang='lat' dir='ltr'><strong>ad</strong></span> 
     </span>
     <span class='ocr_line' id='line_1_8' title="bbox 232 863 2127 945; baseline 0 -18"><span class='ocrx_word' id='word_1_52' title='bbox 232 873 487 927; x_wconf 80' lang='lat' dir='ltr'><strong>exteros</strong></span> <span class='ocrx_word' id='word_1_53' title='bbox 530 884 783 945; x_wconf 91' lang='lat' dir='ltr'><strong>quoque</strong></span> <span class='ocrx_word' id='word_1_54' title='bbox 828 864 1096 944; x_wconf 86' lang='lat' dir='ltr'><strong>perlata,</strong></span> <span class='ocrx_word' id='word_1_55' title='bbox 1160 864 1271 944; x_wconf 90' lang='lat' dir='ltr'><strong>qui</strong></span> <span class='ocrx_word' id='word_1_56' title='bbox 1324 863 1391 924; x_wconf 92' lang='lat' dir='ltr'><strong>in</strong></span> <span class='ocrx_word' id='word_1_57' title='bbox 1447 885 1597 926; x_wconf 91' lang='lat' dir='ltr'><strong>eum</strong></span> <span class='ocrx_word' id='word_1_58' title='bbox 1659 866 2127 927; x_wconf 80' lang='lat' dir='ltr'><strong>contumeliosis</strong></span> 
     </span>
     <span class='ocr_line' id='line_1_9' title="bbox 132 963 1784 1046; baseline -0.001 -20"><span class='ocrx_word' id='word_1_59' title='bbox 132 1007 138 1011; x_wconf 89' lang='lat'><em>-</em></span> <span class='ocrx_word' id='word_1_60' title='bbox 227 966 568 1030; x_wconf 67' lang='lat' dir='ltr'><strong>⁴illuderent</strong></span> <span class='ocrx_word' id='word_1_61' title='bbox 610 963 1079 1046; x_wconf 77' lang='lat' dir='ltr'><strong>epigrammatis</strong></span> <span class='ocrx_word' id='word_1_62' title='bbox 1122 983 1325 1044; x_wconf 90' lang='lat' dir='ltr'><strong>eaque</strong></span> <span class='ocrx_word' id='word_1_63' title='bbox 1367 964 1784 1046; x_wconf 81' lang='lat' dir='ltr'><strong>divulgarent.</strong></span> 
     </span>
     <span class='ocr_line' id='line_1_10' title="bbox 398 1062 2131 1147; baseline 0.001 -24"><span class='ocrx_word' id='word_1_64' title='bbox 398 1063 802 1146; x_wconf 86' lang='lat' dir='ltr'><strong>Epigramma</strong></span> <span class='ocrx_word' id='word_1_65' title='bbox 842 1063 1030 1139; x_wconf 83' lang='lat' dir='ltr'><strong>illud,</strong></span> <span class='ocrx_word' id='word_1_66' title='bbox 1088 1064 1266 1142; x_wconf 85' lang='lat' dir='ltr'><strong>quod</strong></span> <span class='ocrx_word' id='word_1_67' title='bbox 1306 1063 1475 1124; x_wconf 88' lang='lat' dir='ltr'><strong>hello</strong></span> <span class='ocrx_word' id='word_1_68' title='bbox 1521 1062 1834 1126; x_wconf 80' lang='lat' dir='ltr'><strong>Siciliensi</strong></span> <span class='ocrx_word' id='word_1_69' title='bbox 1876 1064 2131 1147; x_wconf 87' lang='lat' dir='ltr'><strong>evulga-</strong></span> 
     </span>
     <span class='ocr_line' id='line_1_11' title="bbox 226 1161 2131 1244; baseline -0.001 -18"><span class='ocrx_word' id='word_1_70' title='bbox 226 1170 366 1226; x_wconf 88' lang='lat' dir='ltr'><strong>tum</strong></span> <span class='ocrx_word' id='word_1_71' title='bbox 423 1182 561 1224; x_wconf 87' lang='lat' dir='ltr'><strong>esse</strong></span> <span class='ocrx_word' id='word_1_72' title='bbox 616 1162 812 1225; x_wconf 78' lang='lat' dir='ltr'><strong>refert</strong></span> <span class='ocrx_word' id='word_1_73' title='bbox 871 1161 1251 1239; x_wconf 87' lang='lat' dir='ltr'><strong>Suetonius,</strong></span> <span class='ocrx_word' id='word_1_74' title='bbox 1320 1163 1559 1244; x_wconf 88' lang='lat' dir='ltr'><strong>pariter</strong></span> <span class='ocrx_word' id='word_1_75' title='bbox 1613 1183 1653 1223; x_wconf 93' lang='lat' dir='ltr'><strong>a</strong></span> <span class='ocrx_word' id='word_1_76' title='bbox 1709 1162 1924 1236; x_wconf 78' lang='lat' dir='ltr'><strong>Cassio</strong></span> <span class='ocrx_word' id='word_1_77' title='bbox 1976 1164 2131 1225; x_wconf 85' lang='lat' dir='ltr'><strong>Par-</strong></span> 
     </span>
     <span class='ocr_line' id='line_1_12' title="bbox 223 1262 2131 1344; baseline -0.002 -19"><span class='ocrx_word' id='word_1_78' title='bbox 223 1263 428 1325; x_wconf 88' lang='lat' dir='ltr'><strong>mensi</strong></span> <span class='ocrx_word' id='word_1_79' title='bbox 479 1262 760 1344; x_wconf 85' lang='lat' dir='ltr'><strong>potuisse</strong></span> <span class='ocrx_word' id='word_1_80' title='bbox 818 1262 1142 1343; x_wconf 87' lang='lat' dir='ltr'><strong>componi,</strong></span> <span class='ocrx_word' id='word_1_81' title='bbox 1217 1262 1376 1325; x_wconf 89' lang='lat' dir='ltr'><strong>mihi</strong></span> <span class='ocrx_word' id='word_1_82' title='bbox 1432 1263 1689 1343; x_wconf 89' lang='lat' dir='ltr'><strong>quidem</strong></span> <span class='ocrx_word' id='word_1_83' title='bbox 1732 1263 2131 1344; x_wconf 86' lang='lat' dir='ltr'><strong>persuasissi-</strong></span> 
     </span>
     <span class='ocr_line' id='line_1_13' title="bbox 223 1359 2130 1446; baseline -0.002 -20"><span class='ocrx_word' id='word_1_84' title='bbox 223 1384 406 1427; x_wconf 88' lang='lat' dir='ltr'><strong>mum</strong></span> <span class='ocrx_word' id='word_1_85' title='bbox 462 1368 574 1424; x_wconf 89' lang='lat' dir='ltr'><strong>est.</strong></span> <span class='ocrx_word' id='word_1_86' title='bbox 678 1361 966 1426; x_wconf 84' lang='lat' dir='ltr'><strong>Cassium</strong></span> <span class='ocrx_word' id='word_1_87' title='bbox 1011 1359 1208 1423; x_wconf 73' lang='lat' dir='ltr'><strong>Sext.</strong></span> <span class='ocrx_word' id='word_1_88' title='bbox 1268 1359 1556 1446; x_wconf 88' lang='lat' dir='ltr'><strong>Pompeji</strong></span> <span class='ocrx_word' id='word_1_89' title='bbox 1613 1363 1853 1425; x_wconf 88' lang='lat' dir='ltr'><strong>socium</strong></span> <span class='ocrx_word' id='word_1_90' title='bbox 1892 1362 1965 1425; x_wconf 91' lang='lat' dir='ltr'><strong>in</strong></span> <span class='ocrx_word' id='word_1_91' title='bbox 2006 1362 2130 1423; x_wconf 86' lang='lat' dir='ltr'><strong>isto</strong></span> 
     </span>
     <span class='ocr_line' id='line_1_14' title="bbox 222 1461 2128 1547; baseline 0 -23"><span class='ocrx_word' id='word_1_92' title='bbox 222 1463 394 1524; x_wconf 89' lang='lat' dir='ltr'><strong>bello</strong></span> <span class='ocrx_word' id='word_1_93' title='bbox 440 1461 673 1547; x_wconf 71' lang='lat' dir='ltr'><strong>fuisse,</strong></span> <span class='ocrx_word' id='word_1_94' title='bbox 722 1461 1005 1525; x_wconf 84' lang='lat' dir='ltr'><strong>vidimus</strong></span> <span class='ocrx_word' id='word_1_95' title='bbox 1061 1481 1251 1542; x_wconf 88' lang='lat' dir='ltr'><strong>supra</strong></span> <span class='ocrx_word' id='word_1_96' title='bbox 1306 1469 1358 1535; x_wconf 86' lang='lat'><strong>§.</strong></span> <span class='ocrx_word' id='word_1_97' title='bbox 1398 1465 1496 1523; x_wconf 86' lang='lat'><strong>12.</strong></span> <span class='ocrx_word' id='word_1_98' title='bbox 1513 1506 1534 1539; x_wconf 89' lang='lat'><strong>,</strong></span> <span class='ocrx_word' id='word_1_99' title='bbox 1593 1482 1804 1542; x_wconf 87' lang='lat' dir='ltr'><strong>neque</strong></span> <span class='ocrx_word' id='word_1_100' title='bbox 1845 1462 2128 1544; x_wconf 85' lang='lat' dir='ltr'><strong>incogni-</strong></span> 
     </span>
     <span class='ocr_line' id='line_1_15' title="bbox 222 1560 2128 1644; baseline -0.001 -21"><span class='ocrx_word' id='word_1_101' title='bbox 222 1568 362 1626; x_wconf 89' lang='lat' dir='ltr'><strong>tum</strong></span> <span class='ocrx_word' id='word_1_102' title='bbox 430 1568 556 1638; x_wconf 85' lang='lat' dir='ltr'><strong>est,</strong></span> <span class='ocrx_word' id='word_1_103' title='bbox 629 1581 820 1643; x_wconf 90' lang='lat' dir='ltr'><strong>quam</strong></span> <span class='ocrx_word' id='word_1_104' title='bbox 873 1560 1270 1641; x_wconf 77' lang='lat' dir='ltr'><strong>improspere</strong></span> <span class='ocrx_word' id='word_1_105' title='bbox 1335 1562 1415 1622; x_wconf 89' lang='lat' dir='ltr'><strong>ab</strong></span> <span class='ocrx_word' id='word_1_106' title='bbox 1473 1561 1652 1623; x_wconf 86' lang='lat' dir='ltr'><strong>initio</strong></span> <span class='ocrx_word' id='word_1_107' title='bbox 1708 1581 1811 1623; x_wconf 88' lang='lat' dir='ltr'><strong>res</strong></span> <span class='ocrx_word' id='word_1_108' title='bbox 1864 1562 2128 1644; x_wconf 74' lang='lat' dir='ltr'><strong>gesserit</strong></span> 
     </span>
     <span class='ocr_line' id='line_1_16' title="bbox 218 1659 2128 1741; baseline -0.002 -18"><span class='ocrx_word' id='word_1_109' title='bbox 218 1659 606 1723; x_wconf 76' lang='lat' dir='ltr'><strong>Octavianus</strong></span> <span class='ocrx_word' id='word_1_110' title='bbox 623 1705 644 1739; x_wconf 86' lang='lat'><strong><em>,</em></strong></span> <span class='ocrx_word' id='word_1_111' title='bbox 671 1681 817 1723; x_wconf 15' lang='lat' dir='ltr'><strong>‘non</strong></span> <span class='ocrx_word' id='word_1_112' title='bbox 859 1665 991 1723; x_wconf 83' lang='lat' dir='ltr'><strong>tam</strong></span> <span class='ocrx_word' id='word_1_113' title='bbox 1013 1660 1279 1741; x_wconf 84' lang='lat' dir='ltr'><strong>ancipiti</strong></span> <span class='ocrx_word' id='word_1_114' title='bbox 1311 1668 1578 1726; x_wconf 83' lang='lat' dir='ltr'><strong>vexatus</strong></span> <span class='ocrx_word' id='word_1_115' title='bbox 1609 1661 1889 1738; x_wconf 79' lang='lat' dir='ltr'><strong>fortuna,</strong></span> <span class='ocrx_word' id='word_1_116' title='bbox 1937 1681 2128 1741; x_wconf 67' lang='lat' dir='ltr'><strong>quam</strong></span> 
     </span>
     <span class='ocr_line' id='line_1_17' title="bbox 221 1758 2127 1842; baseline 0 -18"><span class='ocrx_word' id='word_1_117' title='bbox 221 1782 338 1824; x_wconf 89' lang='lat' dir='ltr'><strong>sua</strong></span> <span class='ocrx_word' id='word_1_118' title='bbox 377 1760 573 1842; x_wconf 89' lang='lat' dir='ltr'><strong>ipsius</strong></span> <span class='ocrx_word' id='word_1_119' title='bbox 609 1758 868 1842; x_wconf 85' lang='lat' dir='ltr'><strong>ignavia</strong></span> <span class='ocrx_word' id='word_1_120' title='bbox 909 1759 1218 1840; x_wconf 87' lang='lat' dir='ltr'><strong>perditus.</strong></span> <span class='ocrx_word' id='word_1_121' title='bbox 1305 1760 1382 1819; x_wconf 89' lang='lat' dir='ltr'><strong>In</strong></span> <span class='ocrx_word' id='word_1_122' title='bbox 1423 1760 1560 1841; x_wconf 90' lang='lat' dir='ltr'><strong>ipsa</strong></span> <span class='ocrx_word' id='word_1_123' title='bbox 1595 1761 1711 1821; x_wconf 89' lang='lat' dir='ltr'><strong>illa</strong></span> <span class='ocrx_word' id='word_1_124' title='bbox 1737 1762 1906 1841; x_wconf 84' lang='lat' dir='ltr'><strong>apud</strong></span> <span class='ocrx_word' id='word_1_125' title='bbox 1925 1760 2127 1838; x_wconf 83' lang='lat' dir='ltr'><strong>Mylas</strong></span> 
     </span>
     <span class='ocr_line' id='line_1_18' title="bbox 211 1856 2126 1944; baseline -0.001 -22"><span class='ocrx_word' id='word_1_126' title='bbox 211 1880 466 1944; x_wconf 86' lang='lat' dir='ltr'><strong>pugna,</strong></span> <span class='ocrx_word' id='word_1_127' title='bbox 526 1879 654 1940; x_wconf 89' lang='lat' dir='ltr'><strong>qua</strong></span> <span class='ocrx_word' id='word_1_128' title='bbox 696 1857 879 1919; x_wconf 83' lang='lat' dir='ltr'><strong>Sext.</strong></span> <span class='ocrx_word' id='word_1_129' title='bbox 920 1856 1293 1940; x_wconf 81' lang='lat' dir='ltr'><strong>Pompeium</strong></span> <span class='ocrx_word' id='word_1_130' title='bbox 1348 1862 1469 1921; x_wconf 84' lang='lat' dir='ltr'><strong>dev</strong></span> <span class='ocrx_word' id='word_1_131' title='bbox 1471 1860 1612 1936; x_wconf 82' lang='lat' dir='ltr'><strong>icit,</strong></span> <span class='ocrx_word' id='word_1_132' title='bbox 1659 1866 1964 1940; x_wconf 77' lang='lat' dir='ltr'><strong>quantam</strong></span> <span class='ocrx_word' id='word_1_133' title='bbox 2007 1881 2126 1921; x_wconf 79' lang='lat' dir='ltr'><strong>ex-</strong></span> 
     </span>
     <span class='ocr_line' id='line_1_19' title="bbox 218 1957 2125 2043; baseline 0.001 -23"><span class='ocrx_word' id='word_1_134' title='bbox 218 1958 664 2043; x_wconf 83' lang='lat' dir='ltr'><strong>probrandae</strong></span> <span class='ocrx_word' id='word_1_135' title='bbox 644 1957 931 2041; x_wconf 68' lang='lat' dir='ltr'><strong>lgnaviase</strong></span> <span class='ocrx_word' id='word_1_136' title='bbox 959 1958 1284 2019; x_wconf 82' lang='lat' dir='ltr'><strong>materiam</strong></span> <span class='ocrx_word' id='word_1_137' title='bbox 1326 1959 1736 2038; x_wconf 86' lang='lat' dir='ltr'><strong>praebuerit</strong></span> <span class='ocrx_word' id='word_1_138' title='bbox 1715 1959 1838 2039; x_wconf 79' lang='lat' dir='ltr'><strong>ipsi</strong></span> <span class='ocrx_word' id='word_1_139' title='bbox 1859 1959 1955 2023; x_wconf 93' lang='grc' dir='ltr'><strong>..Μ</strong></span> <span class='ocrx_word' id='word_1_140' title='bbox 1988 1960 2125 2022; x_wconf 87' lang='lat' dir='ltr'><strong>An-</strong></span> 
     </span>
     <span class='ocr_line' id='line_1_20' title="bbox 217 2056 2122 2139; baseline -0.001 -17"><span class='ocrx_word' id='word_1_141' title='bbox 217 2061 428 2137; x_wconf 78' lang='lat' dir='ltr'><strong>toniO‚</strong></span> <span class='ocrx_word' id='word_1_142' title='bbox 472 2059 747 2120; x_wconf 85' lang='lat' dir='ltr'><strong>relatum</strong></span> <span class='ocrx_word' id='word_1_143' title='bbox 786 2057 1052 2139; x_wconf 86' lang='lat' dir='ltr'><strong>legimus</strong></span> <span class='ocrx_word' id='word_1_144' title='bbox 1082 2059 1249 2138; x_wconf 87' lang='lat' dir='ltr'><strong>apud</strong></span> <span class='ocrx_word' id='word_1_145' title='bbox 1291 2056 1673 2122; x_wconf 83' lang='lat' dir='ltr'><strong>Suetonium</strong></span> <span class='ocrx_word' id='word_1_146' title='bbox 1699 2078 1750 2119; x_wconf 75' lang='lat' dir='ltr'><strong>e</strong></span> <span class='ocrx_word' id='word_1_147' title='bbox 1782 2060 2122 2136; x_wconf 56' lang='lat' dir='ltr'><strong>216.de</strong></span> 
     </span>
     <span class='ocr_line' id='line_1_21' title="bbox 213 2156 2123 2242; baseline -0.001 -21"><span class='ocrx_word' id='word_1_148' title='bbox 213 2161 410 2242; x_wconf 85' lang='lat' dir='ltr'><strong>igitur</strong></span> <span class='ocrx_word' id='word_1_149' title='bbox 451 2157 857 2222; x_wconf 85' lang='lat' dir='ltr'><strong>verisimilius</strong></span> <span class='ocrx_word' id='word_1_150' title='bbox 872 2200 892 2232; x_wconf 86' lang='lat'><strong><em>,</em></strong></span> <span class='ocrx_word' id='word_1_151' title='bbox 947 2177 1139 2237; x_wconf 83' lang='lat' dir='ltr'><strong>quem</strong></span> <span class='ocrx_word' id='word_1_152' title='bbox 1182 2156 1464 2221; x_wconf 85' lang='lat' dir='ltr'><strong>Cassium</strong></span> <span class='ocrx_word' id='word_1_153' title='bbox 1505 2157 1917 2221; x_wconf 79' lang='lat' dir='ltr'><strong>Parmensem</strong></span> <span class='ocrx_word' id='word_1_154' title='bbox 1960 2181 2123 2239; x_wconf 75' lang='lat' dir='ltr'><strong>quo-</strong></span> 
     </span>
     <span class='ocr_line' id='line_1_22' title="bbox 216 2255 2122 2341; baseline 0.001 -21"><span class='ocrx_word' id='word_1_155' title='bbox 216 2280 345 2341; x_wconf 91' lang='lat' dir='ltr'><strong>que</strong></span> <span class='ocrx_word' id='word_1_156' title='bbox 387 2258 527 2332; x_wconf 83' lang='lat' dir='ltr'><strong>fuso</strong></span> <span class='ocrx_word' id='word_1_157' title='bbox 570 2257 822 2338; x_wconf 88' lang='lat' dir='ltr'><strong>saepius</strong></span> <span class='ocrx_word' id='word_1_158' title='bbox 863 2255 1200 2338; x_wconf 82' lang='lat' dir='ltr'><strong>fugatoque</strong></span> <span class='ocrx_word' id='word_1_159' title='bbox 1245 2255 1592 2321; x_wconf 82' lang='lat' dir='ltr'><strong>Octaviano</strong></span> <span class='ocrx_word' id='word_1_160' title='bbox 1636 2258 1932 2320; x_wconf 70' lang='lat' dir='ltr'><strong>¹versibus</strong></span> <span class='ocrx_word' id='word_1_161' title='bbox 1973 2259 2122 2321; x_wconf 82' lang='lat' dir='ltr'><strong>illu-</strong></span> 
     </span>
     <span class='ocr_line' id='line_1_23' title="bbox 217 2354 2120 2441; baseline 0 -21"><span class='ocrx_word' id='word_1_162' title='bbox 217 2361 374 2420; x_wconf 87' lang='lat' dir='ltr'><strong>sisse</strong></span> <span class='ocrx_word' id='word_1_163' title='bbox 391 2415 393 2417; x_wconf 85' lang='lat'>.</span> <span class='ocrx_word' id='word_1_164' title='bbox 412 2356 692 2441; x_wconf 77' lang='lat' dir='ltr'><strong>:ejusque</strong></span> <span class='ocrx_word' id='word_1_165' title='bbox 750 2356 1064 2439; x_wconf 86' lang='lat' dir='ltr'><strong>ignaviam</strong></span> <span class='ocrx_word' id='word_1_166' title='bbox 1133 2355 1578 2437; x_wconf 87' lang='lat' dir='ltr'><strong>fortunamque</strong></span> <span class='ocrx_word' id='word_1_167' title='bbox 1625 2354 2120 2438; x_wconf 79' lang='lat' dir='ltr'><strong>perstrinxisse?</strong></span> 
     </span>
     <span class='ocr_line' id='line_1_24' title="bbox 214 2455 2118 2539; baseline 0 -19"><span class='ocrx_word' id='word_1_168' title='bbox 214 2459 435 2539; x_wconf 89' lang='lat' dir='ltr'><strong>Neque</strong></span> <span class='ocrx_word' id='word_1_169' title='bbox 495 2458 791 2538; x_wconf 82' lang='lat' dir='ltr'><strong>cuiquam</strong></span> <span class='ocrx_word' id='word_1_170' title='bbox 848 2455 1086 2517; x_wconf 88' lang='lat' dir='ltr'><strong>mirum</strong></span> <span class='ocrx_word' id='word_1_171' title='bbox 1142 2456 1492 2532; x_wconf 87' lang='lat' dir='ltr'><strong>videbitur,</strong></span> <span class='ocrx_word' id='word_1_172' title='bbox 1554 2456 1608 2518; x_wconf 87' lang='lat' dir='ltr'><strong>si</strong></span> <span class='ocrx_word' id='word_1_173' title='bbox 1651 2456 2118 2539; x_wconf 81' lang='lat' dir='ltr'><strong>epigrammata,</strong></span> 
     </span>
     <span class='ocr_line' id='line_1_25' title="bbox 201 2543 2120 2640; baseline 0.001 -23"><span class='ocrx_word' id='word_1_174' title='bbox 201 2577 381 2640; x_wconf 83' lang='lat' dir='ltr'><strong>-quae</strong></span> <span class='ocrx_word' id='word_1_175' title='bbox 419 2557 493 2616; x_wconf 84' lang='lat' dir='ltr'><strong>in</strong></span> <span class='ocrx_word' id='word_1_176' title='bbox 535 2555 749 2618; x_wconf 89' lang='lat' dir='ltr'><strong>Sicilia</strong></span> <span class='ocrx_word' id='word_1_177' title='bbox 791 2543 1139 2636; x_wconf 80' lang='lat' dir='ltr'><strong>composita</strong></span> <span class='ocrx_word' id='word_1_178' title='bbox 1180 2562 1421 2632; x_wconf 86' lang='lat' dir='ltr'><strong>essent,</strong></span> <span class='ocrx_word' id='word_1_179' title='bbox 1487 2555 1727 2619; x_wconf 79' lang='lat' dir='ltr'><strong>Romae</strong></span> <span class='ocrx_word' id='word_1_180' title='bbox 1760 2556 2120 2620; x_wconf 57' lang='lat' dir='ltr'><strong>:innotesce-</strong></span> 
     </span>
     <span class='ocr_line' id='line_1_26' title="bbox 198 2655 2119 2738; baseline -0.001 -20"><span class='ocrx_word' id='word_1_181' title='bbox 198 2662 356 2718; x_wconf 64' lang='lat' dir='ltr'><strong>rent</strong></span> <span class='ocrx_word' id='word_1_182' title='bbox 412 2661 478 2717; x_wconf 92' lang='lat' dir='ltr'><strong>et</strong></span> <span class='ocrx_word' id='word_1_183' title='bbox 532 2655 708 2738; x_wconf 84' lang='lat' dir='ltr'><strong>vulgi</strong></span> <span class='ocrx_word' id='word_1_184' title='bbox 764 2675 876 2718; x_wconf 90' lang='lat' dir='ltr'><strong>ore</strong></span> <span class='ocrx_word' id='word_1_185' title='bbox 930 2675 1003 2716; x_wconf 90' lang='lat' dir='ltr'><strong>ac</strong></span> <span class='ocrx_word' id='word_1_186' title='bbox 1059 2672 1353 2718; x_wconf 82' lang='lat' dir='ltr'><strong>sermone</strong></span> <span class='ocrx_word' id='word_1_187' title='bbox 1411 2655 1912 2733; x_wconf 69' lang='lat' dir='ltr'><strong>celebrarentur,</strong></span> <span class='ocrx_word' id='word_1_188' title='bbox 1972 2676 2119 2718; x_wconf 88' lang='lat' dir='ltr'><strong>cum</strong></span> 
     </span>
     <span class='ocr_line' id='line_1_27' title="bbox 203 2754 2116 2823; baseline 0.002 -12"><span class='ocrx_word' id='word_1_189' title='bbox 203 2758 283 2818; x_wconf 52' lang='grc' dir='ltr'><strong>ι111</strong></span> <span class='ocrx_word' id='word_1_190' title='bbox 322 2775 575 2823; x_wconf 50' lang='lat' dir='ltr'><strong>¹summa</strong></span> <span class='ocrx_word' id='word_1_191' title='bbox 602 2756 754 2815; x_wconf 86' lang='lat' dir='ltr'><strong>:licet</strong></span> <span class='ocrx_word' id='word_1_192' title='bbox 798 2755 1032 2817; x_wconf 83' lang='lat' dir='ltr'><strong>civium</strong></span> <span class='ocrx_word' id='word_1_193' title='bbox 1076 2754 1463 2819; x_wconf 86' lang='lat' dir='ltr'><strong>dissensione</strong></span> <span class='ocrx_word' id='word_1_194' title='bbox 1505 2761 1723 2817; x_wconf 85' lang='lat' dir='ltr'><strong>tamen</strong></span> <span class='ocrx_word' id='word_1_195' title='bbox 1754 2775 1895 2816; x_wconf 79' lang='lat' dir='ltr'><strong>non</strong></span> <span class='ocrx_word' id='word_1_196' title='bbox 1925 2765 2116 2817; x_wconf 80' lang='lat' dir='ltr'><strong>omne</strong></span> 
     </span>
     <span class='ocr_line' id='line_1_28' title="bbox 196 2854 2116 2936; baseline 0 -19"><span class='ocrx_word' id='word_1_197' title='bbox 196 2856 534 2922; x_wconf 86' lang='lat' dir='ltr'><strong>-sublatum</strong></span> <span class='ocrx_word' id='word_1_198' title='bbox 614 2860 780 2915; x_wconf 84' lang='lat' dir='ltr'><strong>esset</strong></span> <span class='ocrx_word' id='word_1_199' title='bbox 862 2855 1272 2936; x_wconf 84' lang='lat' dir='ltr'><strong>epistolarum</strong></span> <span class='ocrx_word' id='word_1_200' title='bbox 1341 2860 1408 2917; x_wconf 89' lang='lat' dir='ltr'><strong>et</strong></span> <span class='ocrx_word' id='word_1_201' title='bbox 1477 2854 1982 2936; x_wconf 86' lang='lat' dir='ltr'><strong>accipiendarum</strong></span> <span class='ocrx_word' id='word_1_202' title='bbox 2037 2860 2116 2917; x_wconf 82' lang='lat' dir='ltr'><strong>et</strong></span> 
     </span>
     <span class='ocr_line' id='line_1_29' title="bbox 191 2953 2115 3034; baseline -0.002 -17"><span class='ocrx_word' id='word_1_203' title='bbox 191 2955 667 3030; x_wconf 64' lang='lat' dir='ltr'><strong>,mittendarum</strong></span> <span class='ocrx_word' id='word_1_204' title='bbox 725 2954 1197 3022; x_wconf 86' lang='lat' dir='ltr'><strong>commercium.</strong></span> <span class='ocrx_word' id='word_1_205' title='bbox 1278 2953 1813 3016; x_wconf 43' lang='lat' dir='ltr'><strong>‚Caeterum-‘hoc</strong></span> <span class='ocrx_word' id='word_1_206' title='bbox 1855 2973 2115 3034; x_wconf 78' lang='lat' dir='ltr'><strong>queque</strong></span> 
     </span>
     <span class='ocr_line' id='line_1_30' title="bbox 215 3051 2115 3138; baseline -0.001 -22"><span class='ocrx_word' id='word_1_207' title='bbox 215 3056 624 3138; x_wconf 83' lang='lat' dir='ltr'><strong>epigramma·</strong></span> <span class='ocrx_word' id='word_1_208' title='bbox 644 3073 836 3129; x_wconf 83' lang='lat' dir='ltr'><strong>nemo</strong></span> <span class='ocrx_word' id='word_1_209' title='bbox 876 3054 1206 3137; x_wconf 84' lang='lat' dir='ltr'><strong>indignum</strong></span> <span class='ocrx_word' id='word_1_210' title='bbox 1249 3073 1389 3117; x_wconf 88' lang='lat' dir='ltr'><strong>esse</strong></span> <span class='ocrx_word' id='word_1_211' title='bbox 1419 3051 1731 3137; x_wconf 71' lang='lat' dir='ltr'><strong>:judicabit</strong></span> <span class='ocrx_word' id='word_1_212' title='bbox 1753 3053 2008 3135; x_wconf 83' lang='lat' dir='ltr'><strong>ingenio</strong></span> <span class='ocrx_word' id='word_1_213' title='bbox 2049 3058 2115 3126; x_wconf 80' lang='lat' dir='ltr'><strong>et</strong></span> 
     </span>
     <span class='ocr_line' id='line_1_31' title="bbox 196 3149 2114 3236; baseline -0.003 -20"><span class='ocrx_word' id='word_1_214' title='bbox 196 3153 708 3216; x_wconf 67' lang='lat' dir='ltr'><strong>-doctrinazGassii</strong></span> <span class='ocrx_word' id='word_1_215' title='bbox 733 3149 990 3236; x_wconf 85' lang='lat' dir='ltr'><strong>ejusque</strong></span> <span class='ocrx_word' id='word_1_216' title='bbox 1007 3152 1748 3226; x_wconf 68' lang='lat' dir='ltr'><strong>&#39;adversusflctavianum</strong></span> <span class='ocrx_word' id='word_1_217' title='bbox 1771 3153 1980 3215; x_wconf 84' lang='lat' dir='ltr'><strong>animo</strong></span> <span class='ocrx_word' id='word_1_218' title='bbox 1998 3151 2114 3212; x_wconf 51' lang='lat' dir='ltr'><strong>ls—</strong></span> 
     </span>
     <span class='ocr_line' id='line_1_32' title="bbox 381 3251 2114 3337; baseline 0.003 -24"><span class='ocrx_word' id='word_1_219' title='bbox 381 3253 498 3314; x_wconf 76' lang='lat'><strong>111.</strong></span> <span class='ocrx_word' id='word_1_220' title='bbox 558 3251 690 3337; x_wconf 80' lang='lat' dir='ltr'><strong>Sed</strong></span> <span class='ocrx_word' id='word_1_221' title='bbox 731 3254 904 3332; x_wconf 82' lang='lat' dir='ltr'><strong>quod</strong></span> <span class='ocrx_word' id='word_1_222' title='bbox 948 3254 1029 3312; x_wconf 85' lang='lat' dir='ltr'><strong>ad</strong></span> <span class='ocrx_word' id='word_1_223' title='bbox 1069 3254 1178 3317; x_wconf 87' lang='lat' dir='ltr'><strong>illa</strong></span> <span class='ocrx_word' id='word_1_224' title='bbox 1208 3254 1411 3317; x_wconf 69' lang='lat' dir='ltr'><strong>verba</strong></span> <span class='ocrx_word' id='word_1_225' title='bbox 1451 3253 1700 3328; x_wconf 79' lang='lat' dir='ltr'><strong>attinet,</strong></span> <span class='ocrx_word' id='word_1_226' title='bbox 1744 3272 1911 3333; x_wconf 76' lang='lat' dir='ltr'><strong>quae</strong></span> <span class='ocrx_word' id='word_1_227' title='bbox 1944 3251 2114 3318; x_wconf 72' lang='lat' dir='ltr'><strong>Sue,-</strong></span> 
     </span>
     <span class='ocr_line' id='line_1_33' title="bbox 210 3349 2110 3434; baseline -0.003 -18"><span class='ocrx_word' id='word_1_228' title='bbox 210 3354 421 3416; x_wconf 90' lang='lat' dir='ltr'><strong>tonius</strong></span> <span class='ocrx_word' id='word_1_229' title='bbox 463 3352 679 3434; x_wconf 84' lang='lat' dir='ltr'><strong>prodit</strong></span> <span class='ocrx_word' id='word_1_230' title='bbox 707 3357 990 3432; x_wconf 87' lang='lat' dir='ltr'><strong>tempore</strong></span> <span class='ocrx_word' id='word_1_231' title='bbox 1017 3353 1488 3434; x_wconf 85' lang='lat' dir='ltr'><strong>proscriptionis</strong></span> <span class='ocrx_word' id='word_1_232' title='bbox 1520 3352 1600 3412; x_wconf 85' lang='lat' dir='ltr'><strong>ad</strong></span> <span class='ocrx_word' id='word_1_233' title='bbox 1628 3358 1898 3412; x_wconf 89' lang='lat' dir='ltr'><strong>statuam</strong></span> <span class='ocrx_word' id='word_1_234' title='bbox 1922 3349 2110 3412; x_wconf 84' lang='lat' dir='ltr'><strong>Octa-</strong></span> 
     </span>
     <span class='ocr_line' id='line_1_34' title="bbox 210 3449 2108 3533; baseline -0.003 -19"><span class='ocrx_word' id='word_1_235' title='bbox 210 3453 383 3527; x_wconf 67' lang='lat' dir='ltr'><strong>viani</strong></span> <span class='ocrx_word' id='word_1_236' title='bbox 424 3451 755 3532; x_wconf 61' lang='lat' dir='ltr'><strong>adscripta</strong></span> <span class='ocrx_word' id='word_1_237' title='bbox 798 3449 1000 3526; x_wconf 54' lang='lat' dir='ltr'><strong>,fuisse</strong></span> <span class='ocrx_word' id='word_1_238' title='bbox 1014 3495 1036 3528; x_wconf 82' lang='grc'>,</span> <span class='ocrx_word' id='word_1_239' title='bbox 1113 3472 1336 3530; x_wconf 73' lang='lat' dir='ltr'><strong>eorum</strong></span> <span class='ocrx_word' id='word_1_240' title='bbox 1389 3457 1712 3533; x_wconf 73' lang='lat' dir='ltr'><strong>auctorem</strong></span> <span class='ocrx_word' id='word_1_241' title='bbox 1732 3471 1884 3524; x_wconf 64' lang='lat' dir='ltr'><strong>,non</strong></span> <span class='ocrx_word' id='word_1_242' title='bbox 1923 3466 2108 3531; x_wconf 82' lang='lat' dir='ltr'><strong>posse</strong></span> 
     </span>
     <span class='ocr_line' id='line_1_35' title="bbox 211 3544 2106 3629; baseline -0.001 -15"><span class='ocrx_word' id='word_1_243' title='bbox 211 3550 433 3614; x_wconf 78' lang='lat' dir='ltr'><strong>haberi</strong></span> <span class='ocrx_word' id='word_1_244' title='bbox 487 3551 893 3619; x_wconf 75' lang='lat' dir='ltr'><strong>Parmensem</strong></span> <span class='ocrx_word' id='word_1_245' title='bbox 942 3547 1234 3611; x_wconf 57' lang='lat' dir='ltr'><strong>‚Cassium</strong></span> <span class='ocrx_word' id='word_1_246' title='bbox 1249 3596 1270 3629; x_wconf 84' lang='lat'>,</span> <span class='ocrx_word' id='word_1_247' title='bbox 1339 3550 1742 3615; x_wconf 84' lang='lat' dir='ltr'><strong>manifestum</strong></span> <span class='ocrx_word' id='word_1_248' title='bbox 1797 3553 1931 3609; x_wconf 13' lang='lat' dir='ltr'><strong>est..</strong></span> <span class='ocrx_word' id='word_1_249' title='bbox 2043 3544 2106 3613; x_wconf 72' lang='lat' dir='ltr'><strong>Is</strong></span> 
     </span>
    </p>
   </div>
  </div>
 </body>
</html>
