2236 3932
654 196 737 237 nn
783 195 1008 237 cAss1o
1042 195 1409 237 rsnmnnsr.
1876 174 2008 239 217

103 353 251 395 cum
291 333 489 395 Henr.
525 333 841 396 Glareano
854 376 875 411 ,
922 330 1155 416 Georg.
1180 331 1501 410 Fabricio,
1544 329 1583 394 J
1584 344 1677 393 ac.
1708 331 2006 415 Gruqnio‚

104 432 418 495 Lambino
433 477 454 510 ‚
525 433 791 494 Dacerio
805 475 826 508 ,
898 429 1239 493 Sanadono
1292 431 1553 512 aliisque
1585 428 1852 493 ·Horatii
1906 435 2010 494 in·-

104 533 508 613 terpretibus.
606 530 749 593 Jam
762 574 783 608 ,
854 551 940 592 ne
998 531 1151 612 quid
1206 531 1627 609 dissimulem,
1682 530 2011 595 fatendmn

104 638 202 692 est
216 676 236 708 ,
296 629 487 714 hujus
516 630 879 705 -ssententiae
934 630 987 690 si
1031 651 1160 691 non
1203 637 1526 709 auctores,
1588 638 1760 691 certe
1802 630 2011 693 fauto-

103 750 205 791 res
259 729 586 791 habendos
644 749 780 791 esse
838 737 1086 792 veteres
1142 730 1388 791 Horatii
1444 728 2010 792 commentatores·

102 830 190 890 At
230 829 460 890 horum
503 830 759 891 Scholia
812 830 882 890 in
938 828 1230 891 confesso
1285 836 1383 892 est
1437 849 1630 911 quam
1681 830 1900 890 multis
1941 830 2013 891 in

103 929 388 1010 partibus
445 930 814 990 detruncata
868 936 1059 1011 atque
1126 930 1505 1012 interpolata
1576 929 1658 989 ad
1724 935 2012 992 nostram

103 1029 511 1109 pervenerint
565 1036 835 1090 aetatem
849 1072 870 1106 ,
937 1035 1010 1089 ut
1023 1072 1042 1105 ‚
1111 1030 1224 1110 qui
1281 1030 1373 1091 eis
1430 1029 1516 1090 ad
1565 1027 1867 1090 historiae
1907 1048 2016 1090 re·

104 1148 379 1209 rumque
447 1128 640 1190 fidem
712 1129 815 1191 vel
871 1127 1310 1190 stabiliendam
1365 1127 1472 1189 vel
1530 1128 2013 1190 convellendam

105 1227 198 1287 uti
251 1229 410 1290 velit
423 1273 444 1307 ,
517 1246 764 1290 summa
820 1228 882 1288 ei
947 1226 1431 1309 circumspectio
1490 1226 1572 1286 sit
1635 1228 2015 1290 adhibenda.

107 1327 503 1409 Quapropter
551 1349 686 1390 non
740 1334 838 1389 est
893 1328 1066 1409 quod
1107 1326 1186 1387 L.
1236 1326 1650 1387 Torrentium
1690 1326 2017 1407 vitupere-

106 1447 251 1487 mus
294 1429 747 1512 ambigentem,
803 1447 960 1487 num
1003 1425 1369 1487 Scholiastis
1422 1444 1499 1485 ea
1539 1424 1607 1484 in
1647 1444 1721 1484 re
1765 1428 2022 1512 auscul-v

106 1528 372 1588 tandum
415 1529 529 1604 sit,
572 1526 946 1609 praesertim
991 1545 1135 1587 cum
1179 1526 1259 1585 de
1286 1523 1555 1585 Etrusco
1600 1529 1663 1584 et
1691 1523 2018 1586 Parmensi

107 1624 325 1687 Cassio
367 1633 695 1707 tamquam
737 1625 819 1686 de
874 1645 1003 1686 uno
1055 1625 1409 1705 eodemque
1451 1623 1712 1684 homine
1753 1623 2018 1686 minime
2104 1611 2109 1619 ζ

104 1730 236 1786 tam
277 1725 462 1806 plane
504 1731 571 1786 et
612 1744 908 1806 expresse
936 1725 1276 1807 loquantur
1290 1767 1312 1802 ‚
1354 1729 1428 1784 ut
1454 1723 1830 1784 dubitationi
1872 1723 2019 1784 nul-

107 1826 207 1887 lus
250 1827 647 1909 relinquatur
687 1827 885 1887 locus.

280 1996 585 2060 Omnium
655 2003 898 2076 tamen,
985 2017 1147 2079 quos
1212 1996 1439 2074 sciam,
1524 1997 1870 2060 acerrimus
1943 2017 2018 2059 ac

108 2096 555 2160 disertissimus
612 2099 783 2160 illius
799 2142 821 2177 ,
880 2098 982 2160 cui
1039 2096 1273 2158 Saxius
1316 2096 1604 2175 favebat,
1665 2097 2017 2177 sententiae

107 2198 353 2261 vindex
395 2198 567 2260 haud
610 2198 805 2260 dubie
846 2206 946 2260 est
1001 2195 1040 2259 J
1043 2217 1103 2258 o.
1146 2196 1477 2259 Massonus
1519 2198 1587 2260 in
1630 2196 1758 2258 Vit.
1801 2197 2018 2259 Horat.

108 2299 192 2359 ad
234 2319 337 2360 an.
378 2299 453 2359 U.
494 2298 567 2360 C.
603 2299 791 2376 724„
849 2297 994 2380 qui,
1053 2298 1226 2378 quod
1267 2298 1418 2358 satis
1459 2296 2020 2382 mirari-nequeas,

108 2398 318 2479 ipsum
359 2398 819 2460 Ruhnkenium
862 2399 944 2459 ad
986 2394 1212 2479 Vellei.
1243 2398 1484 2458 Patere.
1509 2395 1685 2457 Libr.
1705 2396 1790 2457 ΙΙ.
1838 2416 1894 2458 c.
1912 2398 2021 2457 88.

109 2504 163 2571 §.
199 2499 254 2557 1.
298 2497 365 2557 in
407 2496 696 2559 fraudem
738 2498 1012 2559 induxit.
1119 2497 1297 2558 Alios
1339 2494 1626 2580 ejusdem
1669 2495 2023 2558 sententiae

109 2604 447 2679 patronos,
506 2598 575 2658 in
616 2597 717 2658 his
760 2597 831 2659 P.
873 2596 1264 2660 Scriverimn
1305 2596 1348 2658 l.
1395 2617 1487 2674 c.‚
1541 2596 1618 2658 R.
1660 2592 2024 2679 Bentlejum

109 2697 191 2758 ad
232 2697 448 2758 Horat.
492 2696 753 2758 Libr.1.
799 2696 935 2759 Sat.
974 2699 1074 2759 10.
1116 2718 1181 2759 v.
1215 2696 1320 2757 59.
1367 2703 1432 2757 et
1468 2695 1906 2758 Burmannum
1942 2694 2022 2755 ad

109 2795 308 2858 Anth.
351 2795 493 2858 Lat.
539 2797 583 2857 l.
622 2817 680 2860 c.
724 2804 911 2878 atque
967 2816 1169 2858 unum
1219 2796 1499 2877 itemque
1542 2795 1814 2858 alterum
1854 2793 2020 2855 Poe-

110 2903 214 2959 tae
272 2896 578 2959 Venusini
643 2897 1052 2978 interpretem
1069 2939 1088 2974 ,
1161 2916 1309 2958 cum
1371 2916 1512 2957 eam
1570 2917 1710 2958 rem
1762 2893 2024 2958 minime

113 3016 259 3057 cum
302 3017 454 3058 cura
496 2996 1003 3059 examinaverint
1029 2995 1489 3078 maluerintque
1531 2996 1803 3058 aliorum
1830 3013 2023 3075 quam

112 3102 336 3177 suopte
378 3097 472 3157 uti
514 3094 751 3178 judicio
768 3140 788 3173 ,
845 3094 949 3156 hic
1005 3095 1254 3157 silentio
1296 3095 1812 3178 praetermittam.
1901 3091 2024 3170 Qui

111 3202 325 3256 autem
379 3214 419 3257 a
477 3195 801 3257 Torrentii
852 3195 1136 3277 partibus
1189 3201 1488 3259 steterunt
1545 3195 1677 3258 Viri
1730 3192 1919 3256 Docti
1959 3197 2024 3254 et

115 3293 404 3357 Cassium
472 3293 809 3357 Etruscum
878 3295 1197 3358 diversum
1269 3294 1467 3358 fuisse
1540 3298 1924 3357 censuerunt
1983 3311 2021 3354 a

115 3393 332 3456 Cassio
388 3393 751 3471 Parmensi,
825 3395 1300 3457 commemorati
1367 3402 1511 3457 sunt
1571 3395 1651 3455 ab
1706 3392 2023 3456 Kordesio

113 3495 194 3556 ad
240 3494 615 3555 Eberhardti
668 3495 904 3557 librum
946 3495 1051 3557 cit.
1095 3502 1147 3570 §.
1187 3496 1290 3557 34.
1331 3494 1407 3558 N.
1436 3518 1495 3555 z.
1538 3517 1604 3577 p.
1642 3495 1791 3557 208.
1803 3537 1824 3572 ‚
1881 3492 2024 3579 qui-

115 3594 237 3656 bus
281 3594 358 3656 R.
404 3613 524 3659 van
571 3593 922 3659 Ommeren
963 3595 1233 3662 Batavus
1289 3595 1357 3659 in
1412 3595 1591 3660 libra
1647 3596 1879 3661 Horaz
1922 3593 2024 3657 als
