2236 3932
239 135 359 194 130
830 155 910 194 nn
959 157 1015 196 ι.
1045 154 1249 196 vAmo
1300 154 1538 196 POETA.

240 293 311 355 V
302 295 471 352 aro!
474 296 495 327 ‘
578 289 765 372 Apud
808 295 1147 368 utrumque
1191 286 1613 350 Scholiastam
1627 333 1649 369 ,
1693 296 1856 353 teste
1896 290 2126 356 Jahm’o

233 392 315 452 ad
371 391 617 459 Horatii
672 389 715 451 l.
760 411 814 451 c.
858 410 921 470 p.
963 389 1146 465 257„
1226 385 1542 469 Spohnius
1604 391 1929 453 verissime
1990 414 2132 455 cor-

233 496 486 551 rexerat
526 489 603 550 in
643 487 889 568 Africa
932 506 1051 567 pro
1094 485 1168 546 in
1207 486 1465 566 Attica,
1522 495 1585 551 et
1625 490 1829 571 ipsam
1868 512 2008 552 rem
2050 494 2128 553 ad

234 593 308 651 P.
367 588 629 650 Attium
691 586 946 649 Varum
1003 586 1228 647 (lucem
1283 589 1560 669 partium
1600 586 2132 672 Pompeianarum

235 710 293 750 a.
326 689 400 748 U.
431 688 499 748 C.
530 687 677 747 707.
705 706 771 744 r
741 685 1023 770 vtulerat.
1112 683 1411 746 Conferas
1453 686 1655 770 Pighii
1682 689 1913 756 Annal.
1943 691 2131 751 Tom-

235 788 348 848 ΠΙ.
391 808 454 867 p.
483 785 627 845 444.
715 782 876 843 Cum
919 781 1216 864 Scipione
1256 785 1363 845 ille
1403 784 1475 844 P.
1519 787 1718 848 Varus
1762 790 1840 849 de
1884 810 2132 851 summo

234 883 500 986 imperio
556 881 957 964 disceptavit,
1030 902 1232 963 eoque
1277 883 1519 946 devicto
1569 882 1816 968 junctus
1861 909 2006 949 cum
2050 890 2132 950 T.
2152 923 2158 929 ·

235 976 518 1047 Labieno
560 981 628 1041 in
657 981 1021 1062 Hispaniam
1064 983 1260 1044 classe
1302 982 1463 1065 fugit
1506 986 1588 1045 ad
1617 985 1728 1046 Cn.
1760 985 2133 1070 Pompeium

236 1086 433 1145 filium
476 1103 533 1143 a.
566 1082 642 1141 U.
673 1079 738 1141 C.
769 1082 916 1140 708.
963 1079 1042 1141 cf.
1085 1081 1206 1142 Dio
1253 1081 1423 1142 CaSS.
1471 1081 1651 1145 Libr.
1681 1085 1884 1147 XLII.
1931 1107 1986 1147 c.
2030 1084 2132 1146 57.

237 1191 298 1244 et
338 1180 574 1242 XLIII.
633 1201 686 1242 c.
729 1180 834 1240 30.
941 1178 1126 1240 Haud
1180 1181 1376 1243 multo
1431 1188 1581 1263 post
1634 1203 1672 1243 a
1724 1186 1910 1247 Didio
1967 1174 2134 1267 apud

236 1282 557 1343 Crantiam
596 1280 806 1342 navali
847 1280 1088 1360 proelio
1114 1281 1315 1343 victus
1358 1291 1422 1342 et
1461 1283 1532 1341 in
1569 1303 1785 1365 pugna
1825 1286 1904 1344 ad
1944 1284 2135 1345 Mun-

238 1384 384 1442 dam
439 1382 501 1441 d.
556 1379 693 1440 XV.
737 1379 878 1439 Kal.
934 1379 1132 1461 April.
1191 1401 1318 1441 una
1372 1401 1516 1442 cum
1570 1381 1856 1444 Labieno
1917 1404 2135 1444 caesus

240 1488 336 1543 est
379 1501 435 1541 a.
464 1481 540 1540 U.
572 1477 643 1539 C.
667 1480 824 1563 709.
910 1480 1252 1561 Utriusque
1296 1486 1483 1561 caput
1524 1482 1604 1540 ad
1645 1480 1770 1542 Jul.
1804 1480 2137 1544 Caesarem

238 1581 545 1662 perlatum
587 1583 710 1639 est:
754 1577 884 1640 vid.
910 1578 1031 1640 Dio
1069 1579 1237 1640 Cass.
1265 1579 1442 1639 Libr.
1469 1579 1703 1639 XLIII.
1750 1602 1805 1642 c.
1833 1582 1960 1658 31„
2003 1581 2138 1663 Ap-

239 1682 460 1761 pianus
491 1680 568 1738 (le
599 1678 673 1737 B.
709 1676 845 1738 Civ.
891 1677 1067 1738 Libr.
1097 1678 1178 1738 II.
1223 1699 1278 1739 c.
1301 1674 1467 1755 105„
1511 1679 1700 1740 Auct.
1730 1681 1809 1742 de
1853 1682 1927 1741 B.
1956 1682 2134 1763 Hisp.

241 1800 294 1839 c.
326 1779 430 1837 31.
490 1783 552 1837 et
600 1773 827 1858 Vellej.
870 1777 1112 1838 Paterc.
1158 1776 1337 1838 Libr.
1365 1778 1449 1838 Π.
1496 1798 1550 1839 c.
1582 1778 1684 1839 55.
1730 1788 1780 1853 §.
1810 1781 1873 1841 4.
1972 1780 2135 1841 Huic

244 1877 408 1937 Varo
469 1881 824 1937 constanter
890 1876 1242 1958 praefixum
1311 1883 1410 1937 est
1465 1898 1854 1958 praenomen
1923 1878 2144 1940 Publi-i

239 1978 318 2038 ab
375 1975 545 2037 Julio
590 1975 855 2036 Caesare
900 1978 980 2037 de
1023 1977 1097 2037 B.
1138 1976 1271 2039 Civ.
1316 1975 1492 2038 Libr.
1528 1977 1609 2038 H.
1658 1999 1711 2039 c.
1747 1980 1850 2038 23.
1894 1985 1959 2040 et
2007 1979 2133 2055 34„

240 2076 542 2137 Cicerone
584 2096 702 2157 pro
744 2076 955 2159 Ligar.
1001 2097 1055 2136 c.
1088 2079 1144 2136 l.
1189 2083 1254 2137 et
1294 2078 1498 2138 Dione
1542 2078 1709 2138 Cass.
1754 2076 1930 2137 Libr.
1960 2077 2135 2138 XLI.

240 2197 295 2236 c.
326 2177 431 2236 41.
473 2175 690 2255 ibique
731 2175 964 2237 videsis
990 2175 1202 2256 Intpp.
1246 2175 1390 2237 Vol.
1420 2175 1500 2236 V.
1543 2199 1609 2258 p.
1636 2177 1781 2238 305.
1817 2177 2005 2255 Strz.‚
2048 2178 2137 2237 ita

240 2282 311 2335 ut
367 2275 791 2336 emendandus
849 2276 930 2336 sit
984 2275 1325 2357 Eutropius
1369 2274 1547 2337 Libr.
1571 2276 1683 2338 VI.
1729 2299 1779 2339 c.
1812 2279 1914 2338 25.
1932 2320 1953 2354 ‚
2022 2277 2136 2336 ubi

248 2377 323 2454 Q.
373 2375 594 2438 Varus
635 2375 799 2436 male
841 2375 1088 2458 legitur.

413 2473 704 2556 Aequalis
763 2494 1019 2551 eorum,
1084 2495 1242 2556 quos
1297 2474 1760 2553 recensuimus,
1819 2475 2136 2537 Varorum

241 2575 355 2637 fuit
396 2575 478 2634 L.
526 2574 600 2637 V
590 2595 750 2633 arus
790 2573 1192 2655 Epicureus,
1232 2571 1406 2658 cujus
1447 2575 1837 2636 mentionem
1877 2573 2005 2659 jam
2039 2575 2137 2636 fe-

242 2675 462 2736 cimUS.
576 2671 743 2732 Eum
797 2672 1263 2735 Wernsdorfius
1331 2674 1400 2732 in
1455 2673 1526 2733 P.
1571 2672 1648 2734 L.
1690 2675 1775 2734 M.
1834 2674 1975 2736 Vol.
2019 2674 2133 2735 IV.

240 2774 312 2833 P.
345 2774 403 2832 1.
446 2793 509 2853 p.
538 2771 635 2848 4.,
678 2772 920 2844 leviter,
942 2773 1202 2833 innixus
1233 2772 1476 2850 Servii,
1520 2774 1752 2834 Donati
1794 2779 1859 2834 et
1887 2773 2135 2834 Phocae

240 2874 394 2936 locis
408 2916 430 2950 ,
486 2892 646 2952 quos
689 2892 876 2952 supra
917 2880 967 2945 §.
1003 2872 1062 2933 5.
1107 2873 1544 2949 tractavimuS,
1613 2873 1760 2933 dicit
1801 2893 1947 2934 cum
1988 2872 2136 2933 Vir-

241 2973 406 3057 gilio-
459 2971 892 3053 philosophiae
962 2971 1308 3053 Epicureae
1379 2977 1715 3052 praecepta
1785 2992 1822 3032 a
1885 2971 2135 3050 Syrone

242 3071 573 3134 audivisse.
673 3067 827 3151 Ejus
868 3071 1173 3131 memoria
1193 3077 1459 3132 servata
1502 3076 1598 3131 est
1640 3071 1719 3130 ab
1762 3092 1890 3131 uno
1935 3070 2134 3147 Quin·
2232 3080 2236 3083 ’

240 3171 457 3230 tiliano
487 3169 643 3230 Inst.
675 3168 785 3230 Or.
812 3168 988 3229 Libr.
1014 3170 1126 3230 VI.
1170 3191 1226 3231 c.
1253 3172 1314 3232 3.
1359 3178 1410 3244 §.
1439 3172 1544 3230 78.
1588 3170 1984 3247 „TranstuJit
2011 3169 2134 3229 cri-

240 3290 390 3330 men
447 3268 723 3329 Cassius⁸
753 3265 1046 3329 Severus.
1140 3269 1334 3347 Nam,
1401 3290 1545 3330 cum
1600 3268 2039 3352 objurgaretur
2096 3288 2132 3328 a

240 3374 562 3447 praetore,
632 3367 805 3447 quod
874 3368 1159 3428 advocati
1227 3367 1286 3449 ej
1295 3390 1362 3429 us
1433 3369 1510 3429 L.
1564 3368 1742 3430 Varo
1793 3369 2130 3450 EpicureO,

243 3466 521 3527 Caesaris
553 3467 788 3543 amicO,
834 3467 1190 3528 convicium
1214 3467 1545 3546 fecissent,
1589 3467 1818 3530 Nescio
1837 3511 1859 3542 ,
1902 3465 2128 3544 inquit,

239 3564 356 3646 qui
393 3563 746 3627 conviciati
782 3563 946 3627 sint.-
990 3575 1052 3625 et
1082 3576 1249 3647 puto
1292 3567 1537 3663 Stoicos
1559 3566 1863 3649 fuisse.“
1947 3562 2132 3645 Spal-
