2236 3932
824 202 1163 246 exconsus
1211 204 1283 241 ιι.
1890 178 2014 239 139

714 436 1252 506 ,EXCURSUS
1309 435 1392 497 Π.

1011 609 1121 666 ΠΕ

115 743 486 818 BASSIS
556 741 1145 836 QUIBUSDAM
1219 736 1678 815 ROMANIS
1754 736 2022 811 men-

264 875 441 948 Nlo
493 870 1140 965 SCRffTisoUE
1191 867 1873 945 mLUsTmBUS.

288 1040 500 1103 Locus
541 1035 793 1122 Apuleji
847 1039 927 1099 de
970 1034 1270 1120 Orthogr.
1315 1044 1368 1111 §.
1404 1036 1509 1098 43.
1524 1078 1547 1110 ,
1605 1035 1717 1117 qui
1757 1043 1810 1110 ς.
1837 1034 1901 1096 4.
1945 1034 2026 1096 de

114 1141 286 1203 Varii
341 1146 407 1202 et
460 1138 696 1201 Cinnae
759 1137 1178 1200 contubernio
1231 1136 1579 1217 productus
1634 1141 1763 1214 est,
1833 1133 2028 1196 etiam

82 1294 89 1302 .
116 1242 267 1303 alias
331 1242 415 1302 ob
477 1260 722 1302 caussas
765 1237 1108 1299 admodum
1147 1235 1442 1296 notabilis
1483 1235 1724 1317 largam
1764 1230 2030 1316 praebet

118 1340 476 1423 disputandi
517 1338 865 1399 materiam.
951 1337 1046 1397 Ac
1088 1355 1243 1417 prae
1287 1333 1550 1395 caeteris
1589 1333 1848 1414 quidem
1892 1332 2031 1394 ani·-

116 1462 295 1501 mum
338 1441 417 1501 ad
459 1458 528 1499 se
572 1436 883 1499 convertit
937 1440 1226 1496 nostrum
1281 1431 1485 1494 Poeta
1532 1432 1655 1493 iste
1696 1430 2029 1515 iambicus„

116 1542 379 1599 Battus.
476 1536 541 1597 Is
585 1555 786 1617 quum
834 1532 1058 1594 Ovidii
1092 1530 1574 1593 contubernialis
1631 1531 1712 1592 ab
1756 1529 2030 1615 Apuleio

117 1639 515 1714 nominetur,
573 1634 756 1695 facile
798 1634 942 1714 quis
983 1633 1202 1692 induci
1243 1637 1491 1714 potest,
1560 1636 1634 1691 ut
1674 1630 1740 1691 h.
1768 1630 1813 1691 l.
1861 1632 2033 1714 cogi-

118 1744 207 1798 tet
247 1739 328 1799 de
367 1742 556 1819 poeta
596 1735 709 1795 illo
727 1779 747 1812 ,
813 1730 993 1815 cujus
1048 1732 1341 1792 meminit
1398 1729 1666 1794 Ovidius
1708 1729 1886 1792 Libr.
1924 1730 2031 1792 IV.

120 1837 313 1897 Trist.
356 1837 440 1898 el.
482 1835 582 1897 10.
625 1855 690 1898 v.
724 1835 828 1895 47.

206 1934 517 1998 Ponticum
558 1934 794 2010 heroo,
839 1935 1093 1998 Bassus
1135 1953 1386 2016 quoque
1427 1932 1651 1992 clarus
1690 1927 1932 2005 iambo,

292 2034 535 2097 Dulcia
577 2032 910 2095 convictus
949 2033 1241 2094 membra
1263 2033 1474 2113 fuere
1513 2029 1646 2092 mei
1652 2054 1673 2107 3

123 2143 190 2199 et
230 2134 422 2196 Batti
455 2155 694 2197 nomen
750 2140 1123 2216 corruptum
1180 2152 1318 2194 esse
1363 2137 1639 2194 censeat.
1725 2128 1810 2190 At
1852 2127 2034 2211 Apu-

122 2234 285 2320 lejus
334 2235 655 2317 expressis
697 2234 909 2298 verbis
954 2235 1244 2310 adnotat,
1302 2254 1322 2316 J
1330 2231 1561 2294 ambici
1601 2229 1770 2292 illius
1805 2235 2036 2312 poetae

125 2356 361 2397 nomen
427 2335 664 2417 duplici
727 2344 756 2394 t
821 2333 1047 2410 scribi,
1124 2330 1391 2416 ejusque
1458 2330 1801 2395 auctoritas
1872 2329 2038 2390 tanti

124 2436 263 2498 visa
304 2440 398 2496 est
436 2433 544 2494 Fr.
585 2431 842 2495 Osanno
858 2478 878 2512 ‚
938 2434 1305 2495 doctissimo
1362 2431 1653 2515 opusculi
1693 2426 2037 2512 Apuleiani

125 2535 409 2612 Editori,
467 2541 538 2594 ut
578 2533 648 2593 in
688 2533 832 2594 loco
878 2532 1189 2595 Ovidiano
1230 2536 1474 2594 Battus
1527 2531 1756 2613 reponi
1800 2531 2036 2591 debere

126 2636 362 2696 diceret
402 2634 471 2694 in
501 2633 839 2695 Animadv.
882 2655 947 2715 p.
980 2634 1086 2695 66.
1173 2631 1253 2693 In
1295 2632 1538 2714 aliquot
1580 2629 1792 2694 Ovidii
1837 2629 2035 2691 Codd.

125 2734 307 2795 Mstis
374 2734 617 2796 invenit
686 2733 762 2794 N.
819 2732 1114 2795 Heinsius
1189 2731 1492 2795 Bacchus
1549 2752 1671 2814 pro
1744 2731 1998 2806 Bassus
2014 2751 2036 2790 .·

128 2835 359 2916 quibus
413 2835 483 2894 in
545 2832 882 2894 Codicibus
941 2834 1184 2895 Battus
1254 2832 1535 2916 legatur,
1609 2837 1686 2892 ut
1742 2829 2038 2892 Osannus

128 2935 249 3011 ait,
308 2953 414 2995 me
456 2934 632 2995 latet.
666 2967 754 2980 -—-
808 2933 887 2994 L.
931 2931 1249 3015 Gyraldus
1291 2934 1373 2995 de
1413 2931 1595 2994 Poet.
1638 2931 1884 3014 Dialog.
1922 2927 2036 2989 IV.

129 3055 195 3115 p.
230 3034 373 3095 162.
418 3041 485 3097 et
528 3033 606 3095 G.
647 3031 707 3096 J.
751 3031 1013 3094 Vossius
1058 3033 1137 3095 de
1179 3031 1252 3093 P.
1288 3030 1367 3093 L.
1411 3051 1469 3094 c.
1497 3034 1560 3093 2.
1602 3053 1668 3115 p.
1701 3031 1848 3093 241.
1891 3027 2038 3090 Vol.

132 3132 247 3208 111,
293 3131 496 3216 Opp.‚
552 3134 663 3214 qui
708 3134 788 3194 de
832 3131 1132 3208 Pontico,
1191 3139 1383 3215 poeta
1425 3130 1644 3214 epico‚
1703 3150 2044 3213 exponen-

131 3241 228 3294 tes
270 3233 449 3294 illum
479 3232 692 3295 Ovidii
733 3234 946 3294 locum
988 3233 1294 3317 allegant,
1337 3232 1558 3314 utique
1582 3230 1830 3314 legunte
1873 3232 2048 3297 Bat-

133 3344 240 3394 tus
283 3354 529 3415 quoque
571 3334 792 3395 clarus
830 3330 1081 3408 iambo3
1138 3333 1254 3394 sed
1295 3337 1554 3408 neuter,
1613 3330 1870 3412 opinor,
1915 3330 2048 3410 Co-

133 3435 347 3495 dicum
404 3433 847 3494 auctoritatem
900 3451 979 3494 ea
1030 3431 1102 3494 in
1142 3431 1417 3495 lectione
1459 3435 1714 3492 secutus
1757 3435 1878 3495 est.
1966 3431 2044 3495 In

134 3533 398 3612 Gyraldi
457 3531 746 3614 Operum
803 3531 1080 3595 editione
1123 3528 1502 3608 Basileensi,
1560 3549 1759 3613 quam
1801 3535 2043 3597 errori·-

135 3633 254 3694 bus
297 3631 763 3717 typographicis
805 3638 1046 3696 scatere
1087 3630 1224 3695 dixi
1267 3648 1458 3716 supra
1499 3628 1645 3695 Not.
1672 3634 1772 3716 25,
1814 3635 2042 3719 procul
