2236 3932
251 139 376 199 272
803 161 884 200 DE
931 161 1153 201 cAss1o
1201 160 1566 201 PARMENSI.

248 292 471 355 Latina
512 315 704 376 opere
718 341 737 373 ,
780 296 1126 374 malintque
1155 295 1413 378 intelligi
1452 295 1744 358 Cass-ium
1767 300 2137 374 Etrus-cum,

244 414 441 474 quem
484 395 778 475 suspicari
833 395 975 453 licet
1029 392 1097 452 C.
1141 392 1388 457 Lucilio
1433 403 1633 457 aetate
1675 384 1864 459 fuisse
1908 419 2139 479 suppa-

249 513 403 553 rem.
491 492 683 554 Eccui
726 499 938 552 autem
981 493 1276 554 credibile
1319 501 1444 571 est,
1490 515 1527 555 a
1570 497 1848 558 Varrone
1891 504 2139 558 tantum

251 593 508 652 honoris
572 597 636 651 et
692 590 1069 651 auctoritatis
1137 593 1442 652 tributum
1514 614 1651 655 esse
1724 598 1971 657 misello
2037 597 2141 656 isti

205 712 208 714 ·
246 685 694 753 versificatori?
749 689 954 770 Atque
994 696 1065 750 ut
1107 711 1187 750 ne
1230 693 1589 753 dubitemus
1647 696 1726 755 de
1768 696 1921 755 locis
1964 695 2140 754 testi-

247 790 603 868 moniisque
659 789 1038 870 scriptorum
1093 791 1447 870 aequalium
1505 812 1542 851 a
1587 793 1867 856 Varrone
1911 795 2138 876 allega·-

248 890 329 948 tis
346 933 368 963 ,
413 887 564 947 facit
603 888 844 947 mentio
895 890 1009 949 Gn.
1039 889 1270 949 Mcctte‘i
1307 889 1486 949 Libr.
1519 891 1655 952 VII.
1699 902 1748 967 §.
1781 896 1883 954 95.
1915 901 1979 955 et
2008 895 2138 968 96„

253 990 320 1049 C.
364 985 551 1047 Aelii
580 986 776 1051 ‚Libr.
820 986 954 1047 VH.
1018 996 1069 1061 §.
1111 991 1173 1048 2.
1218 990 1319 1048 ed.
1361 988 1519 1065 Mr.,
1575 992 1968 1074 aliorumque
1981 1038 2000 1070 ,
2060 996 2138 1054 de

248 1085 473 1168 quibus
531 1083 695 1146 dixit
722 1095 724 1097 ’
753 1084 1176 1146 Schneiderus
1231 1086 1299 1146 in
1341 1086 1470 1147 Vit.
1512 1087 1600 1149 M.
1647 1089 1932 1153 Terentii
1976 1094 2138 1153 Var-

245 1186 418 1246 ronis
450 1185 636 1245 Tom.
656 1184 709 1244 I.
755 1183 1013 1265 Scriptt.
1056 1187 1135 1246 de
1165 1186 1260 1246 Re
1288 1187 1520 1247 Rustic.
1563 1189 1632 1247 P.
1653 1192 1713 1248 2.
1747 1213 1810 1270 p.
1828 1195 1973 1251 228.
1991 1214 2131 1272 sqq.

245 1287 328 1346 Ut
368 1305 522 1347 vero
563 1305 717 1366 prae
760 1286 1017 1345 caeteris
1059 1287 1307 1345 Brutus
1322 1329 1344 1359 ,
1389 1289 1709 1368 tragoedia
1746 1290 1941 1350 Cassii
1984 1291 2138 1350 Par-

243 1385 474 1445 mensis
490 1429 510 1462 ,
568 1385 854 1464 quamvis
899 1391 1102 1444 aetate
1140 1382 1440 1466 junioris,
1502 1406 1539 1446 a
1581 1387 1865 1450 Varrone
1920 1390 2138 1450 lauda-

245 1490 454 1562 retur,
521 1505 649 1544 non
708 1485 898 1546 modo
955 1485 1401 1566 praestantiam
1455 1485 1622 1546 illius
1681 1487 1959 1566 fabulae,
2027 1491 2139 1550 sed

247 1586 398 1646 alias
452 1604 709 1664 quoque
761 1585 1039 1645 rationes
1097 1589 1159 1644 et
1218 1604 1464 1645 caussas
1522 1583 1801 1648 effecisse
1857 1589 2139 1669 suspicor

245 1705 332 1745 ex
385 1683 635 1765 publica
701 1684 1040 1764 utriusque»
1094 1684 1222 1746 vita
1276 1671 1686 1765 repetendas.
1784 1687 2140 1748 Varronem

244 1784 472 1844 scimus
515 1802 552 1841 a
591 1780 879 1865 Pompeji
921 1782 1129 1866 Magni
1170 1784 1452 1865 partibus
1488 1786 1764 1859 stetisse3
1808 1792 1964 1846 num
2004 1786 2139 1848 veri

245 1882 543 1964 dissimikae
599 1889 728 1958 est,
802 1883 1211 1945 Parmensem
1276 1882 1591 1960 Cassium,
1664 1885 1922 1966 posthac
1987 1885 2139 1946 Julii

246 1981 525 2043 Caesaris
582 2000 1049 2062 percussorem,
1110 1985 1366 2043 easdem
1422 1983 1491 2042 in
1534 1984 1703 2044 bello
1748 1985 1916 2046 civili
1958 2005 2138 2045 secu-

241 2088 379 2142 tum
431 2099 570 2141 esse
626 2077 878 2161 partes?
949 2083 1146 2142 Varro
1204 2089 1346 2164 post
1403 2103 1676 2166 pugnam
1717 2083 2137 2144 Pharsalicam

244 2203 282 2243 a
326 2181 587 2242 Caesare
628 2181 697 2240 in
740 2181 1002 2262 gratiam
1061 2189 1383 2262 receptuS,
1441 2183 1507 2242 in
1548 2183 1842 2244 villarum
1883 2204 2136 2244 secessu

241 2287 410 2342 totus
462 2281 540 2340 ad
594 2281 941 2341 litterarum
999 2282 1205 2341 studia
1245 2281 1674 2357 incumbebat3
1733 2302 1946 2344 nonne
1987 2304 2141 2364 pro-

244 2381 454 2440 babile
513 2386 642 2457 est,
718 2379 1000 2440 Cassium
1055 2402 1342 2461 quoque,
1398 2381 1726 2463 impetrata
1770 2402 1807 2442 a
1851 2382 2138 2459 Caesare,

242 2480 565 2562 ingenium
609 2480 1080 2560 doctrinamque
1109 2480 1175 2539 in
1209 2481 1434 2560 quovis
1462 2481 1965 2542 adversarior1m1
1991 2503 2140 2543 suo-

243 2601 388 2640 rum
429 2579 638 2661 magni
693 2578 991 2654 faciente,
1055 2585 1122 2639 et
1176 2579 1433 2641 vivendi
1475 2586 1541 2639 et
1582 2581 1892 2640 redeundi
1934 2582 2137 2657 venia,

245 2678 478 2760 pariter
531 2678 596 2736 in
646 2679 911 2758 patriam
968 2699 1318 2740 reversum
1349 2679 1570 2740 litteris
1611 2699 1863 2741 vacasse
1907 2686 1970 2740 et
2010 2681 2142 2741 Ro-

244 2764 402 2839 mae'
447 2777 794 2853 delituisse,
855 2779 1059 2838 donec
1116 2779 1195 2837 ad
1257 2778 1464 2838 caedis
1509 2779 1870 2839 societatem
1913 2799 2141 2841 evoca-

244 2871 465 2937 retur?
509 2874 650 2936 Jam
694 2896 835 2935 cum
876 2877 1177 2939 Miillerus
1219 2878 1290 2936 in
1330 2878 1598 2938 Praefat.
1645 2880 1724 2938 ad
1766 2877 2032 2938 Varron.
2063 2880 2141 2940 de

183 2993 191 2998 ’·
244 2975 322 3035 L.
367 2975 444 3035 L.
488 2997 552 3057 p.
580 2973 659 3034 V.
706 2976 1170 3036 evidentissime
1227 2978 1549 3055 docuerit,
1607 2978 1723 3038 hos
1770 2979 1850 3038 de
1892 2977 2138 3060 Lingua

245 3077 474 3135 Latina
528 3074 723 3134 libros
781 3095 817 3133 a
871 3075 1156 3136 Varrone
1222 3084 1506 3138 exaratos
1574 3097 1708 3137 esse
1766 3097 1880 3157 per
1941 3099 2179 3139 annos·

247 3176 322 3234 U.
372 3174 440 3235 C.
480 3177 626 3235 708.
670 3180 736 3234 et
779 3177 955 3249 709.;
1018 3197 1411 3257 consequens
1462 3182 1557 3237 est
1599 3182 1896 3254 statuere,
1968 3177 2139 3237 illam

246 3275 632 3356 tragoediam
686 3294 723 3333 a
750 3335 752 3337 ,
783 3272 993 3335 Cassio
1052 3277 1342 3357 scriptam
1414 3282 1509 3351 et,
1591 3276 1645 3334 si
1700 3297 1834 3336 non
1906 3277 2140 3356 publici

246 3370 402 3453 juris
472 3372 735 3450 factam,
820 3380 987 3435 certe
1061 3397 1205 3436 cum
1258 3375 1546 3435 Varrone
1616 3376 2139 3436 communicatam

248 3492 386 3532 esse
427 3479 574 3533 ante
618 3493 855 3533 annum
897 3473 971 3531 U.
1019 3473 1086 3533 C.
1128 3477 1274 3535 708.
1374 3474 1451 3533 In
1509 3496 1638 3554 quo
1696 3481 1904 3534 autem
1954 3493 2140 3554 argu-

249 3577 466 3632 mento
536 3577 599 3632 et
669 3572 948 3654 digniore
1025 3579 1091 3632 et
1166 3576 1359 3634 rebus
1430 3574 1946 3654 temporibusque
2015 3571 2137 3629 illis
