2236 3932
706 201 788 242 nn
833 201 895 242 1..
935 198 1144 242 ‘nmo
1191 201 1431 241 rom-A.
1893 180 2014 243 115

111 335 343 423 majori
385 358 531 400 cum
569 338 639 400 vi
693 337 966 398 relatum
1007 356 1170 399 esse.
1251 335 1445 398 Recte
1484 336 1646 398 illud
1687 343 2011 419 tamquam

114 436 536 520 epiphonema
578 437 908 498 commatis
951 433 1255 519 disjunxit
1278 436 1443 498 Phil.
1479 436 1827 519 Wagnerus
1839 480 1859 514 ,
1904 437 2014 518 qui

114 538 309 604 etiam
350 539 432 598 de
472 537 613 598 loco
643 534 932 618 Georgic.
974 535 1156 596 Libr.
1185 533 1302 595 ΙΠ.
1344 556 1410 597 v.
1443 534 1587 596 254.
1631 535 1838 596 deleta
1872 541 2016 617 post

114 658 180 699 v.
238 646 574 717 conreptos
616 636 843 716 copula
894 636 1220 716 praeclare
1275 635 1528 696 meruit.
1570 667 1656 680 --
1714 633 1924 695 Versu
1952 636 2016 696 6.

111 742 469 815 opportune
525 734 773 796 confert
827 734 1111 812 Heynius
1155 754 1302 794 cum
1353 755 1460 796 vv.
1504 734 1803 794 decedere
1842 732 2024 795 nocti

108 833 519 894 Homericum
576 835 924 906 πειθώμεθα
988 835 1141 892 νυκτὶ
1209 853 1297 894 ex
1354 830 1584 912 odyss.
1640 831 1823 894 Libr.
1866 832 2018 895 XII.

110 953 175 996 v.
220 933 368 994 291.
413 932 493 995 cL
534 932 717 993 Iliad.
759 930 938 997 Libr.
973 930 1141 993 VIII.
1182 952 1249 995 v.
1282 931 1432 995 502.
1485 932 1606 995 ΙΧ.
1647 953 1712 998 v.
1739 931 1847 996 65.

965 1132 1168 1208 §.18.

282 1287 380 1349 De
420 1285 501 1349 L.
538 1288 709 1350 Varii
735 1287 1126 1373 Panegyrico
1166 1287 1237 1348 in
1264 1286 1622 1371 Augustum
1651 1294 1718 1351 et
1747 1289 1829 1353 de
1854 1295 2024 1354 tem-

111 1408 304 1470 pore,
350 1410 480 1468 quo
523 1388 854 1470 probabile
897 1387 981 1448 sit
1023 1407 1172 1448 eum
1214 1406 1355 1448 esse
1387 1388 1844 1469 compositum,
1891 1391 2026 1452 dis-

113 1486 333 1570 putavi
373 1484 501 1572 jam
545 1505 736 1567 supra
775 1491 830 1556 §.
860 1487 925 1546 9.
967 1484 1113 1545 Not.
1145 1485 1252 1546 46.
1351 1483 1495 1547 Jan.
1538 1486 1910 1571 Rutgersius
1954 1490 2026 1550 in

114 1585 355 1646 Venus.
397 1584 604 1645 Lectt.
652 1605 704 1645 c.
737 1584 799 1643 3.
844 1607 907 1666 p.
939 1580 1087 1645 250.
1118 1604 1259 1666 sqq.
1305 1585 1689 1667 suspicatur,
1734 1587 1856 1671 hoc
1885 1608 2028 1648 car-

111 1706 265 1747 men
321 1683 551 1765 respici
607 1683 687 1743 ab
742 1683 1004 1745 Horatio
1048 1681 1228 1744 Libr.
1256 1683 1309 1746 I.
1356 1682 1479 1746 Od.
1514 1686 1577 1748 6.
1620 1707 1685 1749 v.
1719 1675 1854 1764 114,
1912 1687 2026 1748 ubi

112 1783 310 1846 Poeta
370 1783 460 1844 M.
513 1782 832 1867 Agrippae
892 1803 961 1846 se
1018 1803 1330 1845 excusans
1389 1784 1510 1846 ait:
1586 1786 1746 1847 dum
1798 1788 2029 1870 pudor

113 1882 522 1966 Imbellt’sque
564 1883 743 1965 lyrae
784 1886 987 1946 Musa
1017 1893 1256 1967 potens
1309 1894 1490 1946 vetat
1530 1884 1799 1948 Laudes
1845 1908 2029 1966 egre·

107 1981 214 2064 gii
258 1980 558 2047 Caesaris
598 1992 661 2042 et
702 1992 854 2044 tuas
884 1985 1092 2067 Culpa
1133 1985 1417 2044 deterere
1442 1983 1674 2064 ingeni
1685 2009 1704 2046 ε
1748 1986 1817 2047 id
1847 1986 2026 2068 quod

114 2082 416 2164 equidem
439 2102 651 2164 neque
682 2081 1002 2146 affirmare
1030 2084 1233 2145 ausim
1255 2104 1469 2166 neque
1493 2083 1793 2147 refutare.
1858 2085 2027 2148 Illud

112 2204 269 2246 vero
314 2182 737 2244 certissimmn
779 2189 876 2245 est
887 2227 908 2262 ,
951 2205 1340 2267 magnopere
1381 2182 1515 2245 falli
1557 2184 2027 2248 Heerkensium

112 2282 183 2344 in
238 2282 505 2344 Praefat.
565 2284 647 2344 ad
690 2282 916 2345 Icones
959 2306 1027 2366 p.
1066 2282 1401 2363 LXXVI.,
1460 2284 1575 2367 qui
1617 2305 1698 2347 ex
1738 2286 1847 2348 illo
1891 2286 2028 2348 Ho-

114 2382 261 2443 ratii
316 2383 460 2444 loco
519 2382 789 2466 colligit,
847 2381 1116 2445 Varium
1171 2383 1367 2446 etiam
1418 2383 1487 2445 in
1542 2384 1631 2446 M.
1678 2385 2029 2470 Agrippam

117 2482 550 2565 composuisse
607 2482 1088 2567 Panegyricum.
1199 2482 1360 2546 Nam
1417 2483 1613 2546 Poeta
1666 2485 2027 2548 Venusinus

114 2582 423 2664 imparem
467 2602 537 2643 se
578 2580 901 2664 professus
935 2581 1249 2667 Agrippae
1291 2584 1585 2645 laudibus
1630 2584 1816 2669 digne
1861 2586 2028 2647 cele-

115 2682 407 2760 brandis,
482 2681 716 2742 blande
783 2687 1028 2742 tantum
1099 2683 1203 2744 hic
1265 2705 1370 2746 res
1428 2685 1507 2745 ab
1567 2705 1644 2746 eo
1702 2685 2027 2766 praeclare

115 2789 322 2867 gestas
367 2778 691 2865 conjungit
734 2801 878 2845 cum
921 2782 1209 2843 laudibus
1254 2783 1485 2868 egregii
1524 2782 1841 2847 Caesaris:
1902 2804 2026 2865 qua

116 2881 185 2942 in
225 2902 299 2943 re
358 2881 440 2943 ob
485 2887 671 2944 vetus
715 2880 1048 2963 utriusque
1092 2883 1533 2946 commilitium
1591 2890 1656 2946 et
1697 2883 2027 2945 familiari·-

116 2987 312 3043 tatem
365 2981 528 3042 nihil
582 2981 851 3063 periculi
911 2988 1054 3043 erat'
1103 3002 1188 3044 ne
1230 2982 1603 3045 alterutrum
1649 2980 2026 3046 offenderet.

119 3080 294 3157 Quae
335 3101 529 3162 porro
571 3081 742 3142 idem
785 3081 896 3141 Vir
936 3081 1175 3143 Doctus
1218 3083 1456 3144 ibidem
1499 3083 1682 3161 dicit,
1743 3081 1914 3143 Varii
1955 3081 2025 3142 in

117 3179 462 3263 Agrippam
515 3180 975 3267 Panegyricum
1015 3180 1398 3244 Maecenatis
1451 3189 1676 3268 rogatu
1720 3182 2026 3265 scriptum

19 3327 21 3330 Α
121 3299 298 3356 esse,
371 3299 645 3363 eumque
706 3275 984 3362 plurium
1037 3281 1345 3344 librorum
1402 3281 1629 3359 fuisse,
1692 3301 1770 3343 ea
1811 3280 2026 3342 omnia

119 3378 208 3438 ita
254 3387 617 3460 comparata
661 3387 840 3457 sunt,
886 3387 956 3442 ut
980 3381 1094 3444 vix
1123 3383 1743 3460 commemoratione,
1785 3381 2026 3443 nedum

122 3477 548 3540 confutatione
578 3478 766 3563 digna
802 3480 948 3542 sint.
1034 3481 1136 3543 Ex
1162 3482 1550 3566 Panegyrico
1580 3481 1650 3542 in
1671 3480 2027 3565 Augustum

123 3585 373 3663 sumpta
417 3585 598 3660 sunt,
662 3600 827 3664 quae
870 3579 1132 3666 legimus
1177 3584 1347 3666 apud
1389 3581 1720 3644 Horatium
1759 3575 1940 3644 Libr.
1972 3580 2023 3640 Ι.

1531 3681 1574 3742 8
1599 3682 1635 3718 aa
