2236 3932
692 210 772 250 1)ss
819 210 1044 251 casam
1092 210 1456 250 ΡΑιιΜΕΝει.
1917 187 2039 250 295

142 345 376 408 fortem
418 338 496 405 ac
532 345 910 429 prudentem
952 346 1018 406 in
1058 347 1207 407 Asia
1250 345 1550 428 gessisse,
1595 344 1694 405 vel
1727 344 1876 404 inde
1908 347 2038 406 col-

141 447 248 528 ligi
303 441 485 521 licet,
550 445 724 524 quod
781 464 820 505 a
872 451 1098 525 patruo
1141 447 1481 507 decedente
1526 443 1752 521 Syriae
1795 444 2040 524 praefe—

142 552 282 605 ctus
322 545 425 605 sit.
513 542 830 624 Quantum
861 543 1052 604 fuerit
1095 542 1233 626 ejus
1275 546 1362 619 in,
1387 542 1782 605 Triumviros
1826 543 2041 603 odium

139 650 572 725 quantumque
613 642 918 702 libertatis
960 645 1271 722 studium,
1316 645 1473 705 illud
1501 644 1880 704 documento
1924 648 2036 717 est,

139 744 350 824 quod,
426 761 572 826 cum
627 741 697 800 in
754 739 972 819 Syria,
1043 750 1257 822 pacata
1311 743 1634 825 provincia
1651 785 1670 817 ,
1741 741 2040 822 potuisset

135 861 425 918 manere,
479 840 673 922 paulo
727 847 871 921 post
911 847 1206 921 patrumn
1251 845 1614 904 subsecutus
1655 847 1751 904 est
1792 842 1861 902 in
1905 829 2037 901 Ma·—

138 941 470 1001 cedoniam
528 945 591 1000 et
646 940 715 999 in
772 940 970 1001 altero
1026 942 1107 1001 ad
1165 942 1491 1023 Philippos
1543 942 1785 1024 proelio
1843 942 2036 1002 rebus

135 1040 481 1121 desperatis
525 1040 751 1101 crebro
795 1058 936 1099 sese
979 1039 1260 1101 hostibus
1313 1041 1604 1122 ingerens
1656 1042 1878 1103 maluit
1917 1061 2037 1123 pro

131 1139 422 1200 libertate
479 1140 885 1214 occimibere‚
957 1161 1149 1220 quam
1198 1142 1535 1221 impetrata
1579 1161 1615 1201 a
1661 1141 2036 1203 Triumviris

132 1239 317 1300 venia
359 1240 597 1302 vivere.
686 1239 891 1315 Quem
929 1239 1118 1322 igitur
1157 1241 1264 1301 ille
1291 1236 1535 1322 juvenis
1563 1240 1742 1301 factis
1765 1237 2037 1303 ostendit

131 1338 416 1398 animum
433 1382 451 1415 ‚
511 1339 808 1400 eumdem
863 1338 1052 1399 etiam
1094 1345 1231 1400 tum
1271 1339 1614 1400 sententiae
1655 1346 1795 1401 tmn
1838 1342 2036 1403 verba

128 1437 309 1498 istius
351 1439 655 1519 epistolae
698 1438 955 1519 spirant.
972 1430 989 1451 ‘
1041 1437 1125 1498 Et
1166 1439 1317 1498 licet
1343 1454 1534 1499 nemo
1562 1446 1843 1501 veterum
1878 1441 2035 1500 scri-

127 1544 387 1619 ptorum
456 1539 666 1598 tradat
679 1581 699 1613 ‚
768 1543 984 1598 tamen
1052 1537 1315 1597 minime
1383 1557 1420 1598 a
1488 1554 1643 1599 vero
1713 1538 2032 1616 abhorret,

127 1637 191 1696 ei
247 1656 283 1697 a
338 1642 569 1718 patruo
627 1657 744 1718 per
785 1629 1090 1698 aestatem
1134 1657 1192 1697 a.
1236 1639 1310 1698 U.
1358 1637 1427 1699 C.
1473 1640 1618 1699 711.
1662 1641 2033 1700 mandatum

126 1745 303 1813 esse,
375 1743 448 1797 ut
500 1757 589 1798 ex
649 1744 764 1798 ora
818 1736 1134 1798 maritima
1189 1737 1378 1798 Asiae
1435 1739 1796 1819 provinciae
1839 1745 1902 1800 et
1945 1760 2032 1800 ex

122 1836 344 1897 insulis
387 1856 614 1913 nava,
659 1857 816 1918 quas
856 1843 1098 1918 posset,
1145 1838 1519 1914 deduceret,
1563 1839 1876 1922 remigum
1917 1840 2031 1900 de-

122 1937 360 1997 lectum
416 1937 685 1998 haberet
751 1942 817 1997 et
883 1936 1250 1999 Dolabellae
1311 1939 1574 1999 classem
1640 1939 2025 2000 observaret.

120 2037 245 2097 Per
285 2038 409 2098 hoc
465 2039 716 2118 tenipus
760 2036 1009 2118 scripsit
1050 2039 1129 2098 ad
1175 2037 1581 2115 Ciceronem,
1639 2038 1708 2098 in
1752 2050 2026 2119 eumque

120 2133 352 2197 effudit.
368 2135 585 2198 laudes
597 2180 620 2212 ,
666 2140 941 2217 quarum
973 2156 1119 2198 cum
1147 2138 1304 2199 alios
1335 2139 1506 2200 viros
1519 2183 1538 2215 ‚
1583 2145 1719 2198 tum
1745 2138 2027 2199 maxime

121 2235 404 2297 Cassium
431 2237 843 2298 Pal-mensem
867 2237 1312 2318 dispuduisset.
1400 2237 1483 2298 Et
1507 2259 1705 2318 quum
1730 2244 2025 2320 patruum

118 2352 308 2396 suum
349 2337 625 2418 appellat
676 2335 972 2399 Cassium
1004 2347 1324 2411 ‘no-stram,
1371 2343 1613 2398 tantum
1657 2339 1832 2399 abest
1854 2342 1928 2398 ut
1958 2338 2023 2397 in

117 2447 198 2495 eo
238 2436 632 2518 arrogantiae
674 2437 923 2519 signum
965 2437 1316 2513 inveniam,
1373 2444 1446 2498 ut
1486 2435 1783 2521 juvenem
1826 2456 2023 2521 agno-

117 2554 289 2595 scam
324 2535 651 2597 erectioris
679 2536 937 2617 quidem
980 2537 1174 2597 animi
1218 2537 1505 2619 altosque
1550 2538 1804 2620 spiritus
1848 2537 2022 2600 alen-

116 2639 281 2712 tem,
351 2636 467 2694 sed
522 2623 728 2715 patrui
785 2636 884 2696 sui
953 2656 1099 2698 cum
1166 2639 1575 2700 admiratione
1648 2637 2019 2699 studiosum.

116 2732 229 2794 llis
305 2729 543 2796 caussis
554 2779 574 2812 ‚
662 2754 819 2816 quas
898 2736 1177 2798 breviter
1242 2738 1619 2819 perstrinxi,
1690 2742 2019 2820 permotus

113 2851 286 2907 sum,
346 2841 416 2895 ut
472 2834 563 2895 illi
620 2836 922 2917 epistolae
976 2837 1145 2897 inter
1198 2838 1579 2918 scriptorum
1625 2836 1820 2899 Cassii
1862 2836 2016 2897 Par-

110 2935 355 3001 mensis
385 2934 686 3016 reliquias
729 2936 939 2997 locuni
983 2938 1133 2998 dare
1176 2937 1549 2999 dubitarem.

269 3028 396 3096 TV.
466 3032 729 3097 Caetera
773 3037 983 3098 omnia
1025 3036 1261 3120 ingenii
1288 3037 1562 3100 Cassiani
1603 3040 2014 3100 monumenta

111 3135 507 3196 intel-lerunt.
592 3135 750 3197 Nam
794 3136 962 3218 quod
1005 3138 1085 3197 ad
1130 3136 1299 3206 hunc
1338 3157 1543 3220 usque
1577 3140 1747 3199 diem
1776 3159 1815 3198 a
1841 3137 2011 3198 Viris

110 3232 486 3315 quibusdam
553 3235 752 3299 doctis
813 3235 1139 3298 Parmensi
1209 3235 1420 3300 Cassio
1480 3239 1848 3300 attributum
1919 3244 2012 3300 est

110 3354 371 3415 poema,
421 3325 667 3418 Orphei
704 3337 959 3398 nomine
993 3336 1393 3419 inscriptum,
1436 3339 1500 3401 id
1545 3339 1826 3420 spurium
1870 3359 2010 3401 esse

107 3440 172 3496 et
226 3434 314 3495 illi
368 3441 595 3518 poetae
662 3436 959 3519 singulari
1025 3435 1240 3501 errore
1297 3439 1726 3521 suppositum,
1800 3439 2007 3500 statim

104 3533 571 3598 demonstrabo.
661 3534 1114 3619 Complectitur
1159 3535 1314 3599 illud
1356 3537 1745 3622 undeviginti
1788 3541 2007 3625 versus

105 3634 358 3716 effectu,
412 3636 481 3697 in
540 3637 772 3719 quibus
811 3636 1093 3702 breviter
1134 3639 1508 3723 exponitur,
1565 3659 1759 3723 quam
1787 3632 2004 3701 'admi-
