2236 3932
660 192 743 232 m:
788 192 847 233 1..
876 190 1084 233 vssuo
1128 190 1370 230 ron-m.
1876 169 1957 231 31

64 350 177 393 sua
213 325 527 392 nascentis
566 330 794 408 poetae
832 324 1095 388 facultas
1150 325 1355 387 adhuc
1397 325 1642 386 abesset
1698 327 1778 386 ab
1819 327 1965 388 illo-

66 452 208 491 rum
222 475 244 508 ‚
287 427 597 490 nobilium
639 423 769 508 jam
792 433 1158 508 poetarum,
1201 413 1584 507 praestantia
1609 427 1965 488 verectmde

68 531 439 591 declararet.
539 526 820 586 Tantum
881 526 1054 588 enim
1108 526 1326 586 abesse
1381 524 1503 600 ait,
1574 531 1648 584 ut
1700 524 1771 584 in
1812 525 1967 586 scri-

65 629 290 689 bendis
346 625 726 689 carminibus
768 623 941 685 Varii
982 631 1048 686 et
1091 624 1326 687 Cinnae
1378 624 1681 686 virtutem
1723 634 1967 705 aequet,

64 734 254 807 atque
267 769 289 802 ,
359 744 522 807 quae
593 724 780 807 digna
836 724 963 784 sint
1017 725 1345 838 utriusque
1401 723 1689 799 auribus,
1764 728 1967 800 canat,

65 831 138 885 ut
176 824 392 885 similis
431 824 510 885 sit
551 824 792 900 anseri,
850 823 961 904 qui
1004 824 1248 885 canoris
1291 824 1612 904 obstrepat
1655 823 1968 883 oloribus·

67 924 298 1004 quibus
348 922 563 985 verbis
620 929 785 984 tecte
840 923 1037 1006 pungi
1097 922 1405 984 Anserem
1419 965 1444 997 ,
1514 923 1751 983 malum
1790 921 1971 982 istius

65 1023 286 1084 aetatis
342 1028 599 1103 poetam
613 1067 635 1101 ‚
711 1022 898 1084 docui
962 1022 1032 1082 in
1096 1021 1447 1083 Comment.
1492 1022 1575 1083 de
1626 1020 1696 1083 G.
1740 1020 1970 1083 Helvio

68 1121 269 1182 Cinna
312 1121 462 1203 Cap.
490 1121 543 1183 I.
587 1130 638 1196 §.
668 1125 734 1183 4.

237 1221 419 1303 Quae
491 1222 796 1283 hactenus
857 1219 1173 1301 disputavi
1186 1262 1208 1296 ‚
1278 1238 1370 1280 eo‘
1429 1221 1830 1300 spectabant,
1900 1225 1977 1280 ut

66 1322 408 1404 probarem
421 1363 442 1397 ,
486 1319 567 1382 L.
611 1319 875 1381 Varium
914 1324 1171 1398 poetam
1213 1324 1280 1379 et
1321 1323 1528 1378 aetate
1569 1321 1976 1401 grandiorem

68 1430 135 1483 et
176 1420 426 1502 poetica
482 1420 671 1480 laude
734 1417 1132 1498 superiorem
1172 1415 1370 1478 fuisse
1411 1416 1680 1500 Virgilio
1695 1461 1716 1494 ,
1792 1439 1977 1479 eum·-

69 1540 196 1602 que
247 1517 378 1602 jam
430 1538 487 1579 a.
532 1518 607 1578 U.
652 1515 722 1576 C.
765 1517 913 1577 714.
966 1516 1038 1575 in
1091 1516 1483 1597 principibus
1537 1516 1976 1579 Romanorum

68 1619 274 1700 poetis
315 1621 722 1677 numeratum
750 1635 912 1676 esse.
998 1614 1144 1677 Jam
1173 1636 1367 1697 quum
1394 1615 1739 1678 viderimus
1752 1659 1772 1692 ‚
1817 1617 1978 1676 nihil

70 1735 327 1779 caussae
369 1734 541 1792 esse,
584 1721 659 1775 ut
702 1716 782 1776 de
823 1713 1073 1799 Eclogis
1092 1759 1113 1793 ‚
1171 1734 1328 1797 quas
1371 1714 1676 1792 ediderit,
1737 1716 1978 1799 cogite-

68 1837 246 1890 mus;
319 1814 773 1897 inquirendum
829 1819 960 1891 est,
1037 1835 1166 1896 quo
1225 1814 1580 1876 carminum
1634 1835 1867 1898 genere
1908 1815 1978 1876 in

69 1922 307 1977 tantam
320 1958 340 1991 ,
396 1921 696 1996 quantam
738 1913 799 1974 ei
840 1913 1143 1998 Virgilius
1185 1913 1440 1991 tribuit,
1482 1915 1740 1976 laudem
1780 1935 1979 1977 vene-

70 2015 177 2077 rit.
273 2014 407 2076 Hac
459 2015 529 2074 in
587 2013 955 2095 quaestione
1010 2013 1217 2075 facem
1269 2014 1456 2075 nobis
1513 2014 1794 2096 praefert
1842 2015 1979 2075 Ma-

74 2114 360 2191 crobius,
405 2114 516 2195 qui
545 2112 803 2175 Saturn.
829 2112 1011 2174 Libr.
1041 2113 1154 2174 VI.
1199 2134 1255 2175 c.
1286 2116 1348 2175 2.
1390 2137 1455 2196 p.
1485 2114 1630 2176 585.
1659 2114 1739 2180 Z.
1778 2115 1980 2175 adno-

71 2214 262 2291 tavit,
307 2213 477 2274 Varii
518 2233 659 2274 esse
705 2233 961 2275 versum
987 2213 1445 2298 octogesimum
1471 2220 1766 2277 octavum
1788 2213 1980 2275 Eclo-

73 2334 188 2398 gae
214 2311 384 2375 VIII.
396 2356 417 2390 ,
462 2332 655 2394 quem
683 2313 976 2397 Virgilius
1021 2334 1109 2375 ex
1149 2313 1319 2374 illius
1353 2314 1634 2376 carmine
1664 2315 1742 2374 de
1767 2316 1981 2374 Morte

75 2419 368 2474 mutuum
410 2412 767 2493 sumpserit.
864 2413 1060 2495 Atqui
1100 2414 1260 2475 haec
1301 2413 1538 2498 Ecloga
1581 2434 1779 2496 quum
1818 2433 1980 2474 una-

76 2512 235 2573 nimi
318 2510 456 2573 fere
536 2511 840 2573 Virorum
918 2514 1270 2575 Doctorum
1353 2533 1671 2575 consensu
1713 2511 1789 2593 ²⁵)
1861 2533 1981 2594 per

75 2618 450 2674 autumnum
492 2631 550 2674 a.
580 2611 656 2673 U.
689 2610 761 2674 C.
789 2610 937 2674 715.
981 2612 1211 2695 scripta
1234 2619 1297 2675 et
1328 2612 1399 2676 G.
1435 2613 1656 2675 Asinio
1685 2611 1977 2692 Pollioni,

220 2843 312 2900 25)
357 2838 583 2905 Heynin-
634 2842 685 2890 in
735 2838 942 2905 Virgilii
979 2837 1084 2891 Vit.
1122 2859 1212 2905 per
1245 2860 1394 2894 annos
1428 2842 1532 2909 dmg
1567 2861 1613 2894 a.
1650 2841 1715 2894 U.
1754 2841 1817 2895 G
1853 2845 1979 2894 714.

76 2908 201 2964 Vol.
229 2909 533 2976 1.p.(31x.
583 2911 707 2963 banc
752 2911 984 2977 Eclogam
1038 2914 1244 2965 Pollioni
1292 2917 1344 2965 in
1376 2915 1631 2966 Parthinos
1664 2915 1981 2979 proficiscenti

78 2985 306 3047 ιιιὶωιιιιι,
362 2982 565 3047 ideoque
605 3002 692 3047 per
743 2994 1017 3034 autumnum
1065 3003 1109 3037 a.
1145 2984 1210 3038 U.
1249 2984 1308 3038 C.
1343 2991 1468 3039 714.
1516 3004 1728 3051 composi
1712 2989 1827 3036 itam
1871 3003 1980 3036 esse

81 3019 322 3105 contendit
370 3065 530 3105 contra
578 3053 825 3117 Ruaeum,
894 3058 975 3119 qui
1022 3073 1128 3107 eam
1176 3059 1225 3108 iu
1270 3056 1504 3109 Pollionis
1555 3060 1710 3109 reditu
1754 3059 1980 3120 scriptam

80 3126 288 3189 potabat.
376 3124 499 3176 Cum
543 3125 741 3192 Heynio
794 3129 909 3177 facit
961 3127 1295 3180 Tborbeckius
1342 3129 1405 3180 de
1443 3132 1499 3182 G.
1537 3132 1715 3181 Asinii
1748 3128 1983 3180 Pollionis

88 3197 196 3247 Va.
247 3209 293 3247 et
338 3197 486 3248 stud.
535 3217 583 3262 p.
618 3205 708 3250 31.
800 3196 901 3249 Sed
949 3197 1103 3251 Ruaei
1153 3205 1435 3253 sententiam
1486 3203 1643 3253 denuo
1695 3202 1982 3262 examinavit

82 3266 469 3331 confirmavitque
502 3267 550 3319 J.
588 3269 653 3320 Η.
689 3267 900 3320 Vossius
935 3289 984 3335 p.
1010 3278 1132 3324 591.
1159 3290 1235 3338 sq.
1257 3310 1272 3334 ‚
1336 3292 1535 3337 eamque
1584 3274 1800 3337 probavit
1834 3274 1982 3323 etiam

80 3339 204 3390 Jahn
210 3342 283 3390 ins
319 3341 367 3388 ἰιι
401 3338 580 3390 lntrod.
620 3343 668 3390 ἰιι
705 3338 884 3406 virgil.
922 3341 1153 3406 p.X1X.
1202 3346 1265 3398 cs.
1304 3343 1547 3409 Spolmius
1589 3348 1636 3394 in
1675 3343 1981 3407 Prolegome-

82 3414 158 3461 nis
203 3429 251 3474 p.
278 3415 396 3475 ⁴8„
445 3412 527 3461 nbi
573 3415 708 3463 novis
758 3414 844 3462 illa
889 3418 1182 3479 argumentis
1217 3434 1386 3467 conum
1388 3420 1500 3467 ιίιιιιι
1536 3425 1626 3466 est.
1655 3443 1726 3455 -
1772 3414 1981 3465 Asinius

83 3481 245 3532 Pollio
293 3500 356 3532 ex
404 3483 490 3532 in·
533 3484 832 3547 expeditione
882 3484 944 3535 111
945 3488 1078 3552 yrica
1125 3488 1229 3538 redi
1234 3491 1270 3538 it
1316 3507 1479 3538 mense
1519 3486 1719 3538 Octobri
1763 3497 1811 3537 et
1845 3505 1888 3537 a.
1928 3487 1978 3537 d.

84 3551 234 3678 5111.
269 3552 412 3678 Kgls.
421 3552 679 3610 Novembr.
715 3573 761 3608 a.
801 3554 861 3607 U.
901 3555 1121 3612 (3.715.
1159 3558 1497 3625 triumphavit.
1545 3560 1607 3611 cs.
1646 3557 1978 3610 Therbeckius

162 3643 189 3677 ⁰
242 3644 274 3692 Ρ
