2236 3932
271 126 396 187 290
852 152 932 189 DE
979 151 1203 191 cAssm
1250 151 1614 194 PARMENSI.

274 282 674 344 Casaubonus
747 283 1011 366 conjecit
1076 285 1547 350 Vetulouiensis
1559 331 1583 361 ,
1658 289 1906 351 laudato
1962 289 2164 354 Plinio

269 382 341 442 N.
379 383 457 443 H.
514 383 686 444 Libr.
720 384 832 442 ΠΙ.
879 406 931 444 c.
965 383 1026 442 5.
1138 382 1343 445 Editio
1386 384 1590 469 Lugd.
1635 390 1781 449 vets
1801 389 1991 449 hahet
2032 390 2166 450 Ne-

269 482 622 557 morensiS,
684 483 852 561 quod
909 482 1081 541 idem
1124 490 1287 543 esset
1330 492 1517 565 atque
1558 485 1909 561 Aricinus,
1959 489 2165 568 quod-

269 602 396 661 que
451 581 599 640 huic
657 582 797 640 loco
854 587 1069 660 aptum
1125 601 1263 642 esse
1318 590 1558 649 temere
1600 593 1663 647 et
1703 586 2164 647 inconsiderate

266 685 564 759 putarunt
631 679 995 739 Perizonius
1011 725 1030 756 ‚
1103 679 1429 741 Ernestius
1493 691 1555 745 et
1609 685 1894 746 Wolfius.
2004 685 2165 744 Mihi

265 780 447 838 unice
490 778 811 857 probanda
865 780 1112 839 videtur
1156 778 1592 863 Oudendorpii
1641 785 1801 844 ratio
1846 783 2166 864 suspican-

264 877 343 936 tis
363 921 378 950 ,
412 878 949 937 ,Ner-alosnensem
991 899 1130 940 esse
1172 879 1446 940 incolam
1479 882 1653 942 urbis
1682 883 2030 943 Nerulouis
2062 883 2163 944 vel

262 975 498 1035 Neruii
508 1020 530 1050 ,
603 976 705 1036 cui
752 976 959 1039 vicina
1000 976 1193 1039 fuerit
1238 979 1550 1039 Thurium
1590 981 1658 1041 in
1699 981 2006 1056 Luca11is3
2067 991 2161 1043 at-

262 1094 385 1154 que
427 1081 500 1134 ut
531 1073 855 1138 Octaviani
898 1097 1170 1157 proavus
1211 1076 1438 1139 fuisset
1466 1080 1662 1140 restio
1689 1081 1758 1140 in
1785 1102 1947 1164 pago
1978 1081 2159 1141 Thu-

240 1174 401 1234 rino
416 1218 434 1249 ‚
493 1174 577 1234 ita
621 1173 758 1258 ejus
801 1196 986 1237 avum
1012 1176 1067 1236 N
1068 1178 1330 1237 erulone
1371 1198 1573 1261 prope
1617 1179 1927 1239 Thurium
1972 1201 2159 1241 exer-

261 1274 461 1334 cuisse
517 1294 656 1337 rem
713 1275 1148 1335 numulariam.
1261 1276 1420 1339 Inde
1493 1262 1681 1338 etiam
1754 1279 2014 1359 planum
2069 1278 2159 1354 fit,

258 1372 367 1453 qui
421 1373 558 1434 fieri
616 1376 924 1454 potuerit,
994 1381 1061 1434 ut
1118 1375 1197 1434 ab
1253 1375 1527 1436 Antonio
1581 1376 1651 1436 in
1708 1377 1983 1458 epistolis
2040 1398 2160 1458 per

258 1462 702 1534 contumeliam
761 1493 948 1554 saepe
1001 1472 1335 1534 Thurinus
1393 1476 1842 1557 appellaretur,
1903 1484 2157 1538 auctore

257 1572 562 1634 Suetonio
607 1594 660 1634 c.
693 1578 755 1634 7.
842 1573 1148 1654 Respexit
1188 1573 1292 1634 ille
1335 1575 1546 1653 locos,
1589 1576 1660 1635 in
1696 1577 1926 1656 quibus
1965 1575 2156 1637 Octa-

254 1673 425 1734 viani
468 1693 620 1734 avus
649 1691 1048 1753 proavusque
1084 1671 1490 1735 habitassent.
1576 1675 1813 1735 Urbem
1836 1676 2155 1737 Nerulum

253 1778 566 1832 memorat
607 1771 829 1834 Livius
867 1771 1045 1831 Libr.
1076 1771 1191 1832 IX.
1238 1793 1294 1833 c.
1327 1775 1431 1834 20.
1477 1775 1754 1855 „Apulia
1797 1774 2155 1855 perdomita

250 1904 337 1915 -
376 1871 446 1929 in
492 1869 784 1931 Lucanos
826 1877 1207 1952 perrectum.
1307 1871 1463 1933 Inde
1505 1873 1836 1954 repentino
1879 1874 2156 1935 adventu

251 1969 504 2031 Aemilii
550 1970 841 2031 Consulis
884 1970 1191 2030 Nerulum
1232 1970 1299 2033 vi
1343 1975 1673 2052 captum‘42
1733 1974 1846 2032 ubi
1891 1970 2150 2034 Codices

249 2069 469 2130 itidem
527 2070 775 2132 variant
831 2069 998 2130 inter
1060 2070 1132 2133 V
1123 2071 1375 2137 erulam,
1435 2078 1501 2131 et
1562 2071 1633 2134 V
1625 2071 1923 2132 milium.
2010 2072 2151 2133 Non

250 2189 410 2250 opus
455 2175 551 2230 est
595 2175 937 2229 statuamus
953 2214 972 2245 ‚
1018 2169 1248 2230 Nerulo
1290 2170 1431 2228 urbi
1468 2177 1893 2250 contemptum
1925 2191 2149 2251 quem-

250 2270 395 2328 dam
438 2274 500 2329 et
543 2269 890 2328 ludibrium
921 2269 1297 2330 adhaesisse.
1383 2268 1538 2329 Erat
1566 2271 1939 2350 oppidulum
1966 2271 2153 2352 igno-

248 2368 375 2428 bile
390 2412 409 2444 ,
495 2369 559 2427 in
643 2388 773 2448 quo
846 2365 1175 2450 Octaviani
1246 2389 1403 2432 avus
1476 2370 1868 2451 argentarius
1940 2368 2151 2430 fuerat

245 2468 556 2550 ignobilis.

418 2566 660 2627 Cassius
702 2568 1055 2628 Parmensis
1097 2568 1284 2651 igitur
1311 2568 1377 2628 in
1406 2569 1513 2628 illa
1540 2568 1800 2648 epistola
1828 2587 1936 2645 ea,
1983 2587 2146 2649 quae

245 2666 556 2726 Antonius
602 2664 946 2727 Octaviano
990 2668 1518 2748 exprobraverat,
1565 2687 1680 2727 suo
1712 2686 1971 2728 assensu
2000 2689 2146 2728 suo-

246 2784 372 2845 que
440 2765 632 2826 modo
710 2765 1219 2842 confirmaverat,
1302 2773 1568 2827 auxerat
1635 2773 1698 2827 et
1753 2766 2146 2827 manifestius

245 2864 656 2944 acerbiusque
722 2865 935 2926 verbis
1000 2872 1423 2946 expresserat.
1539 2866 1778 2943 Quibus
1853 2866 2145 2926 omnibus

243 2961 380 3023 fieri
440 2985 572 3024 non
628 2969 870 3043 poterat
928 2965 1084 3045 quin
1141 2962 1468 3027 Octaviani
1537 2965 1782 3026 animus
1837 2965 2145 3044 superbus

244 3069 305 3123 et
349 3083 648 3145 arrogans
688 3063 1099 3125 vehementer
1152 3064 1498 3124 irritaretur
1540 3065 1812 3144 odioque
1853 3063 2143 3145 inexpia-

244 3162 355 3222 bili
397 3164 694 3224 adversus
735 3162 915 3220 illum
956 3162 1473 3223 inflammaretur.
1792 3149 1793 3152 Ἴ

411 3261 491 3322 Et
533 3262 689 3322 haec
733 3261 988 3341 quidem
1045 3263 1124 3322 de
1168 3263 1440 3345 genuino
1487 3262 1812 3323 Cassianae
1849 3263 2016 3322 illius
2059 3262 2141 3322 ad

246 3358 660 3423 Octavianum
691 3360 985 3440 epistolae
1012 3359 1362 3442 fragmento
1392 3363 1558 3422 dicta
1586 3367 1806 3434 sunt03
1852 3363 1962 3422 sed
1994 3366 2141 3420 sunt

244 3460 351 3538 qui
381 3460 691 3542 integram
717 3457 909 3519 Cassii
937 3459 1289 3520 Parmensis
1319 3461 1645 3541 epistolam
1675 3461 1993 3540 hodieque
2037 3480 2139 3518 su·-

242 3559 568 3637 perstitem
592 3578 728 3619 esse
758 3558 1162 3619 arbitrentur.
1251 3561 1423 3636 Quae
1452 3560 1622 3620 enim
1652 3560 1822 3620 inter
1846 3558 2136 3639 epistolas
