2236 3932
703 190 787 231 nn
831 191 892 231 1..
916 189 1128 232 VAmo
1177 189 1415 233 rom-A.
1917 171 2003 234 33

103 338 159 405 §.
203 325 268 391 5.
322 323 737 411 conjectando
806 325 1167 406 posuimus,
1244 324 1512 386 Varium
1563 345 1696 386 non
1765 326 2000 404 minus,

103 449 296 511 quam
352 428 617 490 Cinnam
670 425 738 484 in
791 423 1095 487 Pollionis
1162 423 1218 484 si
1268 444 1400 484 non
1455 423 1723 485 amicitia
1738 464 1758 501 ,
1831 431 2004 487 certe

103 529 301 612 gratia
340 526 559 587 fuisse.
662 522 897 584 Cinnae
956 513 1100 585 cum
1137 522 1426 602 Pollione
1469 508 2004 608 ‘necessitudinem

106 629 256 688 satis
312 631 581 687 testatur
637 623 1162 703 Propempticon,
1233 623 1404 704 quod
1459 623 1539 682 ab
1585 642 1662 682 eo
1707 642 1767 691 a.
1810 623 1884 682 U.
1931 621 2003 682 C.

103 727 252 787 714.
295 725 595 805 scriptum
636 740 776 782 esse
820 722 1006 783 docui
1046 723 1116 782 in
1158 721 1508 783 Comment.
1553 721 1634 782 de
1671 720 2003 789 C.,Helvi,o

106 824 307 886 Cinna
364 822 514 903 Cap.
555 820 610 882 I.
669 827 736 894 §ae
766 821 828 881 3.
944 820 1182 901 Quidni
1241 821 1635 905 suspicemur
1695 819 1869 887 idem
1925 821 2006 881 de

104 924 333 1001 Vario,
379 922 617 984 Cinnae
663 916 1147 982 contubernali?
1193 919 1362 980 Nihil
1405 920 1610 991 dicam
1654 920 2004 995 deaetate,

104 1045 230 1106 qua
285 1042 470 1105 pares
525 1020 661 1083 fere
705 1025 916 1093 erant3
988 1020 1148 1079 nihil
1205 1020 1286 1079 de
1328 1019 1711 1096 studiorum,
1776 1019 2006 1100 quibus

102 1131 375 1205 uterque
433 1119 682 1181 deditus
729 1125 894 1195 erat,
955 1117 1365 1179 similitudine
1379 1160 1401 1192 ‚
1461 1138 1605 1179 cum
1619 1159 1639 1194 ,
1706 1137 1842 1198 quo
1874 1138 2008 1178 non

102 1223 286 1286 facile
328 1219 553 1283 fortior
599 1219 669 1278 in
709 1217 910 1278 libera
954 1217 1207 1279 civitate
1259 1215 1614 1295 reperiatur
1655 1216 2011 1284 animorum

106 1322 500 1397 conciliator,
557 1318 731 1378 idem
787 1316 1062 1396 partium
1103 1314 1503 1395 publicarum
1547 1335 1728 1385 amor
1769 1315 2009 1378 Pollio-

104 1442 254 1482 nem
296 1427 359 1482 et
400 1418 664 1480 Varium
718 1412 1003 1497 junxisse
1053 1410 1425 1494 junctosque
1467 1414 1752 1481 tenuisse
1790 1415 2010 1480 videa-

105 1527 227 1582 tur.
324 1519 482 1580 Nam
535 1516 693 1576 sicut
745 1513 1095 1573 Pollionem
1152 1511 1413 1573 ‚Iulianis
1453 1513 1735 1594 partibus
1790 1511 2010 1592 fidum,

101 1613 501 1701 Pompeianis
566 1612 898 1676 adversum
957 1611 1149 1672 fuisse
1217 1611 1547 1686 novimus;
1613 1611 1699 1678 ita
1754 1612 2012 1675 Varium

17 1729 20 1731 ’
103 1724 356 1799 poetam
411 1731 663 1796 quoque
708 1711 778 1773 C.
822 1711 987 1774 ,lulio
1032 1710 1282 1772 Caesari
1326 1707 1585 1796 ejusque
1629 1731 1881 1773 caussae
1921 1710 2015 1773 fa-

103 1817 271 1881 visse
287 1861 310 1895 ,
351 1812 649 1875 nonnulla
691 1817 835 1873 sinit
876 1830 1036 1892 quae
1078 1812 1334 1872 credere
1374 1832 1490 1872 nos
1518 1808 1796 1894 jubeant.
1876 1810 2013 1873 Hoc

108 1937 303 2000 quum
344 1915 520 1991 dice,
580 1932 707 1973 non
748 1911 834 1972 ita
873 1910 1257 1971 intellectum
1280 1911 1477 1988 volo,
1545 1931 1619 1972 ac
1662 1910 1715 1971 si
1757 1910 2014 1975 Varium

106 2017 338 2100 pariter
394 2020 580 2094 atque
637 2011 844 2093 ipsum
899 2010 1247 2071 Pollionem
1260 2055 1282 2088 ‚
1361 2010 1722 2072 Cornelium
1766 2008 2016 2071 Gallum

106 2116 384 2197 aliosque
427 2113 594 2175 viros
635 2110 887 2196 ingenio
929 2110 1295 2192 scriptisque
1334 2110 1602 2172 illustres
1616 2155 1637 2188 ‚
1692 2109 1759 2170 in
1800 2110 2016 2182 Dicta-

106 2215 260 2277 toris
299 2214 462 2275 illius
504 2211 715 2274 castris
739 2210 1041 2272 meruisse
1083 2214 1331 2290 putem3
1376 2210 1489 2271 sed
1528 2209 1652 2271 hoc
1683 2211 2015 2288 contendo,

107 2314 364 2377 Varium
418 2311 576 2374 mihi
628 2309 828 2373 videri
868 2308 1056 2370 fuisse
1099 2308 1262 2369 inter
1303 2329 1413 2371 eos
1424 2354 1446 2387 ,
1512 2310 1621 2391 qui
1666 2309 1735 2371 C.
1778 2309 2018 2372 ‚Iulium

113 2414 441 2489 Caesarem
497 2418 560 2473 et
621 2410 837 2473 vivum
895 2428 1042 2469 cum
1097 2408 1505 2470 admiratione
1565 2414 1878 2487 amarent,
1951 2415 2018 2470 et

110 2520 429 2580 mortuum
469 2530 716 2572 summo
761 2530 905 2571 cum
933 2507 1149 2569 dolore
1179 2508 1599 2589 deplorarent.
1685 2508 1822 2569 Hoc
1850 2508 2019 2570 Varii

111 2620 334 2697 poetae
361 2613 429 2672 in
459 2610 528 2671 C.
554 2609 592 2686 J
595 2610 790 2670 ulium
821 2608 1151 2670 Caesarem
1176 2608 1448 2683 studium
1474 2614 1891 2670 contestantur
1917 2607 2019 2670 vel

114 2734 224 2791 ea,
287 2731 447 2794 quae
492 2709 734 2791 scripsit
774 2707 1043 2770 Joamles
1087 2695 1576 2769 saresberiensis
1621 2708 1687 2768 in
1726 2707 2017 2769 Policrat.

113 2814 291 2875 Libr.
318 2810 482 2873 VIII.
528 2830 583 2870 c.
620 2809 718 2871 14.
761 2830 825 2889 p.
863 2808 1010 2868 609.
1056 2806 1288 2890 (Lugd.
1330 2808 1470 2868 Bat.
1519 2807 1736 2887 1639.)
1775 2807 2020 2884 „Lau-

115 2913 302 2975 dibus
350 2907 687 2974 Caesareis
732 2908 891 2990 plus
949 2905 1275 2985 Virgilius
1328 2917 1391 2968 et
1438 2906 1727 2982 Varius,
1797 2906 2020 2967 Laca-

114 3032 362 3095 nmque
417 3011 826 3088 adjecerunt,
901 3027 1099 3088 quam
1158 3004 1543 3074 imnum-sum
1596 3005 1766 3067 illud
1824 2990 2020 3066 aerd-

115 3111 328 3185 rium,
387 3130 511 3193 quo
555 3108 778 3168 urbem
820 3116 882 3166 et
927 3106 1138 3167 orbem
1177 3105 1565 3189 spoliavit.“
1662 3106 1787 3166 Pro
1848 3104 2018 3187 vulg.

124 3212 195 3277 V
186 3231 344 3271 arua
386 3207 766 3270 confidenter
815 3206 886 3268 V
877 3205 1064 3267 arias
1106 3206 1379 3267 correxi.
1477 3205 1680 3267 Habet
1720 3224 1870 3266 vero
1914 3203 2020 3264 hic

118 3313 292 3372 locus
376 3307 842 3388 ambiguitatem
915 3307 1271 3385 quamdam.
1400 3304 1645 3387 Virgilii
1714 3308 1777 3363 et
1853 3301 2019 3363 Varii

118 3409 353 3471 mentio
408 3429 521 3468 nos
578 3408 659 3466 dc
715 3405 987 3486 Augusto
1045 3406 1314 3487 cogitare
1370 3403 1577 3487 jubet3
1647 3403 1760 3465 scd
1819 3402 2020 3463 obstat

122 3531 265 3572 cum
308 3508 546 3569 Lucani
586 3513 720 3566 tum
764 3503 985 3565 aerarii
1027 3504 1570 3580 commemorati0‚
1640 3522 1798 3585 qua,
1858 3521 2020 3583 quae
2089 3568 2091 3571 ¹

117 3609 534 3691 pmccffllunt,
606 3606 684 3666 ad
739 3623 936 3664 unmn
980 3602 1049 3665 C.
1091 3602 1324 3665 Juliuin
1368 3602 1699 3664 Caesarem
1741 3607 1809 3662 ut
1851 3599 2019 3661 refe-

200 3713 523 3763 VVncncnr.
571 3722 849 3757 commta-r.
1589 3702 1629 3762 3
