2236 3932
233 159 352 218 148
831 181 911 218 DE
945 181 1014 227 1.
1049 180 1255 221 VAmo
1304 178 1540 220 POETA.
1576 230 1582 237 Ι

229 319 516 391 tuerunt,
559 312 682 377 nisi
721 315 941 395 amicis
957 358 977 392 ‚
1022 314 1349 394 Propertio
1393 321 1459 375 et
1487 313 1758 383 Ovidio.
1822 317 2029 386 Hinc
2048 319 2128 381 de

230 419 499 494 utroque
543 421 734 496 poeta
777 414 1177 475 consentiens
1221 414 1391 494 apud
1431 434 1654 476 omnes
1695 415 2129 482 Romanorum

232 514 563 594 scriptores
583 514 932 586 silentium3
975 513 1122 572 hinc
1144 512 1312 572 inter
1331 520 1545 594 poetas
1572 514 1782 594 epicos
1794 515 2130 594 Ροητῑίοιιε,

231 612 398 673 inter
455 613 755 673 iambicos
810 612 1062 670 Bassus
1118 614 1545 691 praetermissi
1611 619 1759 674 sunt
1801 634 1838 682 a
1881 616 2132 690 Quinti-

231 713 401 772 liano
445 711 495 769 I.
526 710 636 771 Or.
681 709 859 769 Libr.
875 711 958 770 X.
988 731 1042 771 c.
1065 713 1120 770 l.
1153 719 1202 783 §.
1233 711 1495 793 85.sqq.
1527 720 1592 774 et
1618 722 1668 786 §.
1689 714 1796 773 96.
1874 714 1943 783 ⁴Is
1983 715 2132 775 licet

232 811 490 892 Virgilio
535 808 1028 870 versificatorem
1055 811 1389 872 meliorem
1414 833 1606 892 quam
1632 819 1891 893 poetam
1904 856 1924 888 ‚
1975 814 2133 874 Gor-

231 910 475 970 neliwm
529 910 834 969 Severum
846 953 870 984 ,
941 915 1005 969 et
1054 909 1319 978 Horatio
1388 911 1455 970 in
1509 911 1758 990 Lyricis
1834 911 2132 974 Cae-siam

230 1011 548 1081 Bassum,
608 1008 688 1068 (le
732 1030 859 1088 quo
902 1029 1035 1069 non
1077 1009 1266 1069 nimis
1320 1009 1662 1072 honorifice
1705 1032 1856 1073 eum
1899 1013 2133 1081 sentire

232 1113 522 1188 apertum
546 1114 695 1184 rest,
767 1108 1056 1169 conferre
1114 1115 1182 1169 et
1237 1109 1652 1197 aequiparare
1706 1133 1839 1177 non
1882 1112 2134 1171 dubita-

232 1207 399 1269 verit
413 1251 432 1283 ,
503 1212 718 1268 tamen
776 1209 1098 1268 neminem
1155 1208 1348 1269 habet
1363 1252 1384 1285 ,
1457 1230 1653 1290 quem
1706 1230 1795 1271 ex
1849 1211 2134 1271 iambicis

231 1306 660 1367 Romanorum
715 1308 919 1388 poetis
965 1308 1210 1369 Catullo
1224 1352 1243 1385 ‚
1299 1307 1348 1368 F
1352 1308 1512 1376 urio„
1535 1309 1840 1371 Bibaculo
1896 1316 1961 1372 et
2002 1310 2135 1370 Ho-

234 1406 392 1468 ratio
435 1404 749 1490 adjungat.
839 1406 965 1467 Cur
1007 1407 1198 1490 igitur
1237 1408 1563 1489 praeteriit
1603 1411 1919 1484 Bassum,
1980 1406 2135 1471 Ovi-

235 1507 322 1567 dii
381 1507 653 1567 amicum
704 1506 915 1567 iambo
981 1503 1269 1568 clarum?
1346 1507 1604 1569 Scilicet
1654 1509 1762 1570 ille
1807 1507 1936 1569 suis
1975 1508 2136 1568 iam-

235 1607 334 1666 bis
404 1626 750 1687 numquam
830 1606 1000 1687 apud
1066 1607 1384 1669 Romanos
1457 1627 1697 1697 nomen
1765 1614 1832 1698 et
1902 1606 2136 1668 famam

235 1707 502 1784 adeptus
546 1710 662 1766 est.
1649 1727 1652 1730 ·
1734 1768 1736 1770 .
1888 1767 1896 1778 ,

406 1804 582 1864 Hanc
642 1805 722 1864 de
778 1805 993 1866 Basso
1051 1804 1515 1890 Iambographo
1531 1852 1552 1884 ,
1611 1806 1934 1869 communi
1974 1769 2137 1866 Pro·
2222 1841 2236 1859 ω

231 1905 443 1986 pertii
464 1902 804 1983 Ovidiique
846 1903 1170 1982 familiari,
1215 1907 1591 1968 sententiam
1615 1906 1918 1987 praeivit,
1963 1906 2135 1986 quod

234 2006 459 2087 sciam,
503 2004 743 2085 primus
794 2002 1201 2066 casaubonus
1246 2008 1327 2067 a‹l
1362 2006 1570 2077 Persii·
1608 2005 1742 2066 Sat.
1774 2005 1879 2066 VI.
1909 2025 1971 2085 p.
1988 2006 2135 2065 477.

234 2091 501 2186 eamque
559 2103 845 2163 omnium
886 2103 1198 2186 Propertii
1252 2107 1600 2182 editormn,
1666 2126 1826 2186 (suos
1877 2105 2136 2184 quidem

232 2205 419 2280 novi,
465 2223 781 2265 consensu
822 2212 1144 2285 receptam
1176 2203 1471 2265 Osannus
1510 2224 1763 2285 quoque
1790 2225 1921 2263 non
1949 2223 2136 2265 ausus

235 2310 329 2364 est
371 2305 765 2382 convellere,
815 2306 934 2365 sed
986 2326 1121 2365 non
1177 2305 1461 2373 multum.-
1491 2302 1692 2363 abfuit
1749 2303 1904 2383 quin
1946 2303 2136 2363 etiam
2234 2304 2236 2322 ³

233 2403 300 2464 in
343 2403 655 2487 Propertii
697 2405 838 2467 loco
879 2406 1154 2473 Battum
1195 2404 1637 2485 reponendum
1679 2404 2066 2464 decerneret.

1023 2585 1217 2592 ...ὴ-*ὼ
1229 2586 1268 2590 a.
1275 2586 1366 2590 -.-

831 2668 1536 2783 Excmzsus-m.

1129 2865 1238 2944 DE

239 3007 312 3083 c.
372 3006 740 3081 ASINIO
815 3009 1399 3097 mummi,
1505 3006 2132 3082 TRAcoEmA-

758 3141 979 3214 RUM
1027 3140 1601 3214 SCRIPTORE.
1687 3240 1689 3242 Ι

405 3307 474 3368 C.
518 3307 807 3368 Asinium
848 3266 1234 3384 Pollionem,
1294 3288 1504 3370 vii-tun
1548 3303 1869 3365 doctrinae
1912 3302 2132 3362 studiis
2215 3327 2218 3331 ⁴

233 3407 686 3484 excellentem,
758 3407 951 3468 etiam
1023 3408 1364 3490 tragoediis
1436 3403 1784 3467 scribendis
1856 3421 2130 3476 vacasse,

151 3565 154 3568 ,
228 3505 577 3569 luculenter
620 3512 929 3568 testantur
970 3507 1096 3567 loci
1123 3506 1372 3588 Virgilii
1404 3513 1471 3566 et
1513 3503 1774 3578 Horatii,
1819 3521 1979 3581 quos
2022 3519 2133 3558 SU-

224 3625 335 3684 pra
392 3614 442 3678 ᾗ.
482 3607 546 3667 9.
605 3605 1041 3670 excitavimus.
1156 3607 1438 3686 Uterque
1490 3605 1673 3666 illum
1728 3621 1806 3662 eo
1863 3599 2124 3660 nomine
