2236 3932
821 107 1158 156 excussus
1203 107 1271 152 v.
1873 91 1999 156 335

100 274 156 316 0.
202 256 256 315 l.
351 250 556 314 Mater
611 246 751 333 ejus
802 247 970 312 Julia
1009 247 1124 310 fuit
1167 246 1249 308 L.
1280 244 1436 310 Julii
1482 245 1795 321 Caesari5‚
1854 246 2002 309 CoS.

99 374 158 414 a.
201 351 277 413 U.
318 351 389 413 C.
426 351 573 412 664.
615 349 776 425 filia,
835 350 1021 428 quam
1061 354 1185 416 ταῖς
1220 345 1474 422 ἀρίσταις
1497 349 1620 406 τότε
1654 349 1749 404 καὶ
1776 368 2002 424 σωφρο-

98 450 387 519 νεστάταις
426 450 718 522 ἐνάμιλλον
771 448 1038 527 appcllat
1091 446 1465 507 Plutarchus
1509 465 1564 507 c.
1605 448 1668 505 2.
1751 446 2003 507 Patrem

98 547 307 609 amisit
336 567 392 608 a.
423 547 497 608 U.
532 545 601 606 C.
632 546 779 607 683.
810 548 1179 606 redeuntem
1206 565 1293 606 ex
1318 545 1734 627 ignominiosa
1754 543 1824 604 in
1848 544 2002 605 Cre-

97 654 229 708 tam
274 645 676 728 expeditione
691 686 711 720 ‚
770 645 849 704 de
890 665 1013 724 qua
1058 644 1285 728 dignus
1339 651 1435 706 est
1488 645 1599 726 qui
1641 641 2002 706 conferatur

98 745 169 808 C.
219 745 540 807 Hoeckius
597 743 666 803 in
719 744 860 804 libr.
917 743 1147 803 Kreta.
1204 743 1349 805 Vol.
1395 743 1507 806 ΙΠ.
1564 765 1628 824 p.
1671 743 1817 806 501.
1858 765 2000 826 sqq.

99 844 447 907 Vecordiae
502 849 798 924 paternae
854 842 1225 924 exemplum
1289 843 1459 904 istud
1527 843 1802 905 dubitari
1835 876 1838 878 >
1869 865 2003 906 non

97 950 307 1025 potest
349 943 505 1024 quin
546 943 613 1003 in
653 942 767 1003 filii
806 942 1094 1003 animum
1133 963 1429 1026 magnam
1471 963 1741 1025 eamque
1784 945 2001 1026 perni-

98 1043 333 1104 ciosam
374 1043 670 1105 habuerit
718 1044 866 1120 vim,
913 1043 983 1103 in
1026 1043 1204 1104 omni
1247 1040 1386 1124 ejus
1429 1043 1554 1104 vita
1599 1043 1862 1125 posthac
1903 1044 2001 1105 fa-

99 1143 339 1224 ctisque
380 1142 802 1223 conspicuam.
894 1142 1097 1203 Mater
1153 1139 1291 1225 ejus
1344 1149 1491 1224 post
1533 1141 1814 1226 conjugis
1860 1143 2004 1228 obi-

97 1250 235 1303 tum
275 1244 490 1324 nupsit
531 1243 601 1302 P.
648 1241 938 1303 Cornelio
980 1240 1284 1318 Lentulo,
1328 1262 1522 1322 quem
1565 1242 1786 1304 Cicero
1833 1243 2000 1319 Cos,

20 1420 21 1423 Ἴ
99 1344 343 1403 detecta
401 1341 698 1403 Catilinae
758 1336 1188 1425 conjuratione
1204 1385 1224 1418 ,
1300 1340 1366 1401 111
1422 1359 1674 1402 carcere
1732 1339 2001 1425 jugulari

20 1444 22 1464 '
94 1440 295 1525 jussit.
381 1442 477 1501 Ab
518 1440 643 1502 hoc
678 1441 822 1503 inde
856 1448 1144 1522 tempore
1173 1447 1426 1501 mutuas
1453 1441 1798 1501 simultates
1829 1463 2001 1503 nunc

20 1564 21 1609 4
96 1544 398 1604 obscuras
438 1561 608 1601 nunc
650 1546 890 1622 apertas
927 1558 964 1599 a
1007 1539 1313 1601 Cicerone
1358 1546 1423 1601 et
1465 1540 1769 1618 Antonio,
1825 1538 2002 1602 Len-

96 1642 213 1702 tuli
270 1641 594 1724 privigno‚
669 1647 985 1721 susceptas
1043 1636 1270 1716 fuisse,
1344 1647 1562 1702 auctor
1616 1647 1714 1702 est
1755 1640 2002 1702 Plutar-

19 1739 21 1756 ⁴
97 1741 252 1804 chus
297 1761 352 1802 0.
386 1743 448 1802 2.

270 1842 410 1918 Quo
453 1861 619 1902 anno
660 1838 771 1902 ille
812 1845 992 1900 natus
1039 1831 1264 1918 fuerit,
1309 1838 1479 1921 apud
1520 1838 1693 1920 ipsos
1735 1841 2000 1923 scripto-

97 1961 199 2004 res
233 1949 484 2004 veteres
514 1948 989 2003 controversum
1030 1947 1148 2001 est.
1220 1939 1380 2001 Nam
1407 1939 1778 2002 Plutarchus
1817 1962 1872 2003 0.
1892 1944 1998 2002 87.

97 2041 325 2115 tradit,
383 2059 536 2102 011111
577 2041 658 2102 ab
695 2037 831 2100 aliis
876 2031 1000 2100 (lici
1041 2059 1161 2100 sex
1172 2081 1196 2113 ,
1242 2039 1323 2102 ab
1365 2039 1503 2100 aliis
1546 2049 1677 2100 tres
1706 2045 1773 2102 et
1807 2039 1999 2124 quin-

20 2208 21 2211 *
95 2139 414 2223 quaginta
455 2159 648 2203 annos
688 2138 964 2216 vixisse,
1027 2159 1174 2202 cum
1236 2138 1665 2202 Alexandriae
1712 2162 1999 2205 1113110111

20 2243 21 2261 ’
94 2240 217 2301 sibi
257 2238 526 2303 inferret
562 2258 781 2300 mense
811 2237 1046 2301 Sextili
1077 2260 1136 2302 a.
1170 2239 1246 2300 U.
1278 2238 1346 2300 C.
1375 2240 1523 2300 724.
1613 2239 1821 2317 Quare
1848 2261 1999 2304 eum

19 2369 21 2386 ‹
94 2346 207 2401 aut
246 2360 305 2401 3.
348 2339 421 2402 U.
465 2339 531 2402 C.
565 2338 715 2399 668.
774 2346 886 2399 aut
929 2340 1078 2403 671.
1135 2340 1306 2403 vitae
1348 2338 1558 2400 lucem
1599 2341 1831 2403 vidisse
1874 2347 1999 2404 sta-

19 2485 22 2517 4
95 2446 369 2501 tuemus.
473 2438 627 2500 Cum
683 2444 893 2499 autem
952 2439 1061 2502 ille
1112 2447 1260 2522 post
1309 2459 1590 2522 pugnam
1629 2439 1999 2524 Philippen-

20 2526 21 2578 Ῑ
91 2559 227 2600 sem
269 2560 328 2602 a.
370 2538 445 2600 U.
488 2535 557 2598 C.
603 2538 784 2614 713„
841 2557 1211 2622 congressus
1251 2538 1318 2598 in
1363 2538 1579 2601 Cilicia
1623 2560 1769 2602 cum
1814 2540 1997 2603 Cleo-

20 2637 22 2643 *
90 2646 307 2722 patra,
368 2633 543 2720 cujus
585 2657 803 2700 amore
860 2639 1069 2700 statim
1111 2639 1513 2721 capiebatur,
1581 2640 1661 2701 ab
1702 2639 1996 2722 Appiano

19 2797 22 2811 ,
91 2741 172 2801 110
214 2740 290 2800 Β.
342 2738 404 2802 G.
462 2736 643 2798 Libr.
673 2735 754 2799 V.
799 2758 854 2800 0.
887 2741 950 2800 8.
997 2739 1244 2800 dicatur
1298 2747 1487 2800 natus
1545 2738 1741 2802 fuisse
1798 2761 1997 2802 annos

20 2884 22 2890 ι
89 2838 527 2922 quadraginta,
598 2836 738 2920 ipsa
793 2839 1101 2920 temporis
1156 2838 1314 2900 ratio
1375 2839 1626 2917 suadet,
1697 2840 1880 2900 illum
1956 2862 2003 2900 u

20 2937 21 2942 ’
86 2958 147 3000 a.
180 2939 254 3000 U.
284 2937 354 3000 C.
385 2939 533 3001 668.
577 2935 656 2998 L.
704 2937 999 3000 Cornelio
1044 2938 1241 3001 Cinna
1274 2937 1360 2999 Π.
1406 2945 1472 3001 01
1516 2939 1585 3001 C.
1616 2939 1817 3001 Mario
1849 2940 1993 3003 VH.

88 3035 295 3112 Coss„
363 3044 586 3099 natum
649 3056 789 3099 esse
843 3059 1186 3121 ponamus,
1259 3047 1329 3102 ut
1395 3045 1569 3102 recte
1633 3041 1995 3103 observavit

20 3145 22 3154 '
85 3136 484 3198 Drumamius
527 3137 572 3198 l.
617 3157 672 3200 c.
720 3138 909 3201 Tom.
941 3138 989 3198 1.
1034 3159 1096 3220 [1.
1126 3140 1231 3199 64.

254 3235 556 3298 Naturam
612 3235 722 3299 1110
778 3237 848 3298 111
905 3237 1256 3299 tribuendis
1300 3240 1587 3322 corporis
1630 3240 1994 3323 ingeniique

20 3347 21 3351 ’
84 3335 269 3397 bonis
339 3332 646 3398 habuerat
709 3332 1065 3399 fautricem.
1178 3336 1368 3415 Nam,
1442 3347 1515 3399 ut
1572 3341 1784 3402 verbis
1841 3341 1992 3402 I'lu-

21 3470 23 3518 ἐ
85 3434 285 3497 turchi
309 3452 363 3496 c.
390 3434 453 3495 4.
483 3441 661 3511 utar,
706 3443 924 3514 προσῆν
948 3472 1009 3483 -
1033 3441 1127 3497 καὶ
1161 3446 1388 3517 μορφῆς
1423 3441 1751 3516 ἐλευθέριον
1770 3438 1990 3514 ἀξίωμα

85 3523 180 3582 καὶ
211 3521 414 3598 πώγων
443 3543 528 3592 τις
565 3519 665 3582 οὐκ
702 3519 926 3601 ἀγεννὴς
961 3524 1057 3583 καὶ
1090 3526 1301 3594 πλάτος
1336 3524 1571 3598 μετιόντες
1595 3527 1689 3587 καὶ
1711 3526 1991 3607 γρυπότης
