2236 3932
805 205 1147 250 Excunsus
1192 201 1294 246 m.
1884 183 2003 247 155

100 344 202 407 12.
247 353 300 418 §.
342 343 400 405 l.
442 350 608 407 utar.
694 343 775 405 In
816 344 991 407 onmi
1032 345 1203 408 vitae
1251 343 1729 423 studiorumque
1774 364 2008 427 genere

97 444 343 525 antiqui
386 451 584 509 tenax
619 444 816 505 moris
831 488 849 520 ,
897 467 1023 525 quo
1067 451 1142 505 ut
1182 443 1447 526 quisque
1487 442 1712 504 haberi
1751 445 2008 505 volebat

95 543 340 605 liberali
381 543 669 606 doctrina
710 543 1115 622 politissimus
1126 588 1147 622 ,
1188 544 1275 605 ita
1316 542 1599 604 maxime
1639 543 2009 604 versabatur

95 644 166 703 in
223 642 678 722 componendis
734 643 1118 704 carminibus
1133 688 1153 721 ,
1223 642 1617 724 scriptitabat
1656 642 2007 723 tragoedias

95 742 203 804 vel
241 742 327 803 ad
367 740 560 803 animi
602 740 992 820 voluptatem
1034 742 1139 803 vel
1180 744 1262 803 ad
1295 742 1589 806 alendam
1616 736 1870 802 dicendi
1898 760 2008 802 co-

94 840 287 922 piam.
362 838 490 914 Sic,
536 845 609 898 ut
634 840 920 900 omittam
953 842 1027 916 Q.
1059 841 1341 901 Tullium
1376 840 1770 917 Ciceronem,
1816 859 2010 921 quem

94 938 371 999 sedecim
427 938 651 999 diebus
709 947 979 1020 quatuor
1036 941 1391 1024 tragoedias
1443 940 1783 1003 absolvisse
1823 939 2011 1002 novi-

92 1059 237 1099 mus
292 1058 380 1099 ex
437 1037 637 1099 Marci
689 1038 902 1100 fratris
963 1041 1045 1099 ad
1101 1060 1248 1100 eum
1271 1068 1273 1071 ·
1300 1040 1478 1102 Libr.
1518 1039 1634 1102 ΙΠ.
1696 1030 1898 1122 Epist.
1945 1041 2009 1100 6.

93 1145 147 1212 §.
190 1140 253 1200 7.
269 1180 289 1214 ,
347 1122 696 1199 memoriae
738 1139 1066 1220 proditum
1107 1139 1374 1221 legimus
1388 1183 1407 1214 ,
1468 1138 1537 1200 C.
1568 1139 1811 1202 ‚Iulium
1854 1138 2013 1200 Cae-

97 1257 305 1300 sarem
345 1236 733 1301 Strabonem
774 1239 946 1300 inter
985 1238 1224 1319 primos
1253 1238 1352 1297 sui
1388 1239 1690 1318 temporis
1733 1244 2014 1300 oratores

95 1344 163 1398 et
203 1337 514 1420 tragicmn
554 1345 810 1420 poetam
851 1339 1095 1399 bonum
1138 1337 1485 1397 admodum
1515 1356 1657 1398 esse
1692 1337 2011 1399 habitum:

96 1437 227 1500 vid.
291 1438 605 1501 Asconius
659 1437 973 1499 Pedianus
1029 1437 1111 1497 ad
1170 1435 1374 1496 Cicer.
1434 1434 1548 1496 Or.
1605 1457 1725 1518 pro
1787 1435 2013 1499 Scaur-

97 1536 286 1598 Tom.
311 1536 484 1598 XVI.
526 1535 598 1596 P.
631 1539 691 1597 2.
736 1559 802 1617 p.
831 1537 977 1597 243.
1010 1557 1107 1617 sq.
1158 1533 1553 1597 ed..Schiitz.
1596 1543 1666 1596 et
1703 1557 1793 1597 m.
1822 1536 2016 1598 Com-

5 1683 8 1708 1
94 1642 291 1697 ment.
335 1637 416 1695 de
462 1636 531 1699 G.
558 1634 816 1695 Licinio
851 1636 1053 1699 Calvo
1082 1638 1287 1696 Poeta
1330 1643 1383 1709 §.
1418 1637 1480 1697 9.
1524 1635 1604 1699 Ν.
1632 1638 1736 1698 30.
1782 1659 1844 1718 p.
1870 1639 2013 1698 127.

94 1732 426 1818 Ejusmodi
479 1740 902 1815 praestantem
961 1735 1173 1798 virum
1238 1735 1586 1797 aemulatus
1641 1736 1844 1798 Pollio
1887 1743 2018 1797 tra-

6 1911 7 1914 *
95 1835 351 1919 goedias
395 1835 784 1916 composuit,
843 1856 975 1895 non
1018 1857 1144 1916 quo
1205 1857 1311 1896 eas
1352 1836 1421 1896 in
1467 1856 1721 1897 scenam
1763 1836 2018 1918 profer-

96 1943 231 2012 ret,
275 1935 387 1996 sed
427 1941 503 1995 ut
544 1954 651 1995 eas
693 1940 1022 2015 tamquam
1062 1935 1299 2019 ingenii
1327 1936 1426 1997 sui
1469 1935 1823 1997 stud-iorum
1865 1956 2022 2018 pro·

6 2069 9 2104 ξ
96 2043 322 2099 ventus
365 2055 513 2097 cum
554 2034 771 2096 amicis
817 2036 1314 2097 communicaret
1351 2043 1466 2097 aut
1506 2037 1576 2097 in
1602 2057 1828 2101 eorum
1859 2057 2018 2098 con-

100 2156 279 2201 sessu
334 2135 652 2197 recitaret.
779 2133 920 2196 Non
975 2142 1191 2217 potest
1246 2137 1541 2219 componi
1587 2158 1735 2199 cum
1790 2136 2016 2218 Pupio,

6 2272 9 2318 4
98 2243 289 2319 poeta
344 2235 594 2317 aequali
610 2278 641 2313 ‚·
702 2232 885 2319 cujus
927 2233 1278 2296 lacrimosa
1316 2247 1627 2319 poemata
1667 2238 1735 2300 h.
1782 2257 1841 2299 e.
1885 2243 2019 2298 tra-

8 2393 9 2419 3
100 2337 355 2419 goedias
394 2335 636 2397 Romae
677 2335 748 2396 in
789 2335 1052 2396 theatris
1097 2342 1406 2417 spectatas
1450 2357 1623 2415 esse,
1679 2338 1817 2419 ipse
1862 2357 2019 2398 con-

101 2436 304 2497 fessus
345 2457 491 2498 sum
531 2436 603 2496 in
642 2434 1000 2499 Comment.
1045 2437 1126 2497 de
1167 2436 1716 2499 Obtrectoetoribus
1745 2435 2026 2500 Horatii

101 2544 152 2611 §-
183 2539 244 2596 2.
288 2534 364 2597 N.
392 2536 455 2599 6.
499 2556 563 2616 p.
593 2537 740 2597 276.
772 2556 868 2616 sq.
975 2536 1212 2596 Verum
1254 2536 1426 2597 enim
1470 2557 1628 2600 vero
1670 2538 1844 2620 quod
1889 2537 2019 2597 Pu·-

100 2636 242 2718 pius
299 2635 536 2716 aliique
591 2632 777 2719 hujus
836 2634 1078 2696 farinae
1135 2636 1459 2698 dramatici
1512 2643 1742 2719 poetae
1783 2637 2017 2715 fecere,

101 2736 169 2797 id
210 2756 343 2797 non
387 2735 693 2798 credibile
749 2740 843 2796 est
899 2734 1139 2819 factum
1183 2756 1321 2798 esse
1364 2757 1402 2797 a
1443 2736 1760 2816 Pollione,
1804 2744 2015 2799 tantae

103 2836 485 2919 dignationis
539 2835 706 2898 viro.
809 2834 1078 2898 Adeone
1134 2856 1283 2897 suae
1336 2837 1638 2899 claritatis
1680 2838 2018 2900 immemo-

102 2956 242 3001 rem
284 2935 515 3012 fuisse,
579 2943 652 2995 ut
710 2934 829 2996 hac
871 2936 1119 2998 ratione
1162 2936 1259 2996 sui
1300 2936 1539 3020 ingenii
1581 2945 1667 2999 et·
1692 2937 2018 3000 doctrinae

104 3034 340 3098 famam
391 3037 463 3096 in
521 3035 863 3097 discrimen
918 3033 1392 3099 committeret?
1460 3036 1518 3099 N
1517 3059 1602 3099 on
1638 3038 1851 3099 hercle
1893 3036 2018 3099 levi

10 3203 13 3212 ¹
107 3142 172 3196 et
225 3135 515 3198 mutabili
566 3136 772 3217 plebis
830 3133 1063 3218 judicio
1118 3156 1264 3197 suas
1322 3134 1588 3223 subjecit
1628 3135 2016 3220 tragoedias3

12 3255 13 3258 ¹
107 3242 173 3296 at
189 3278 207 3311 ,
280 3255 425 3296 cum
482 3235 745 3296 domimi
800 3255 977 3297 suam
1019 3235 1433 3298 recitantibus
1476 3237 1823 3299 liberaliter
1865 3255 2014 3296 eum

105 3334 428 3416 aperuisse
469 3341 747 3412 constet,
792 3334 953 3395 nihil
997 3341 1098 3397 est
1131 3335 1535 3399 verisimilius
1553 3381 1571 3414 ,
1607 3350 1841 3418 quam,
1888 3335 2015 3396 sic-

107 3442 178 3495 ut
246 3434 516 3494 aliorum
580 3434 1056 3496 recitationibus
1125 3434 1430 3518 frequens
1488 3437 1858 3515 interesset,
1929 3435 2017 3497 ita

105 3534 315 3615 ipsum
371 3554 629 3616 quoque
681 3534 781 3594 sni
835 3534 1071 3619 ingenii
1122 3556 1318 3619 opera
1371 3535 1750 3619 praelegisse
1799 3535 2018 3599 amicis

109 3635 283 3696 domi
338 3653 493 3696 suae
550 3634 916 3719 congregari
970 3634 1194 3701 solitis.
1307 3634 1499 3720 Cujus
1553 3636 1817 3717 quidem
1871 3657 2017 3699 sen·-
