2236 3932
213 160 334 220 184
790 180 872 218 υΕ
918 178 1144 220 cAsslo
1184 178 1547 218 PARMENSI.

212 333 341 394 quo
373 311 569 375 Cassii
612 334 770 395 opus
802 314 1107 395 allegetur
1148 331 1185 371 a
1217 309 1494 372 Minucio
1524 311 1767 388 Felice,
1808 311 1879 372 111
1904 333 2106 392 eoque

212 433 362 475 suae
418 401 729 496 opiliionis
789 413 867 472 de
913 410 1124 470 Cassio
1182 409 1482 472 historico
1532 430 1830 494 magnum
1870 411 2109 492 praesi-

215 513 391 572 dium
431 512 638 573 inesse
678 516 885 592 putat3
942 509 1357 571 vehementer
1411 516 1614 588 errat,
1687 531 1807 572 neo
1859 512 2108 586 desunt,

212 633 378 693 quae
442 612 501 672 ei
559 616 975 691 opponantur.
1072 607 1215 668 Jam
1255 608 1605 670 Kordesius
1661 610 1863 670 attulit
1902 612 2113 672 locum

211 711 515 772 Macrobii
558 710 691 770 Sat.
735 706 916 769 Lihr.
942 706 995 768 I.
1042 728 1095 768 o.
1131 708 1230 767 16.
1274 729 1338 788 p.
1369 711 1518 770 289.
1549 710 1626 770 Z.
1670 745 1806 785 ,,--
1850 720 1912 770 et
1954 712 2112 772 Cas-

213 809 350 871 sius
383 807 671 870 Hemina
714 805 1142 866 historiarum
1185 805 1348 866 libro
1379 810 1749 869 ·se0uud0.“
1845 809 1928 869 Et
1970 811 2114 871 satis

212 915 438 969 notum
492 912 622 982 est,
683 906 1022 986 scriptores
1069 912 1316 969 veteres
1371 905 1745 968 Annalium
1787 914 1848 969 et
1889 907 2114 969 Histo-

212 1007 470 1068 riarum
511 1006 706 1066 titulis
750 1005 1110 1086 promiscue
1152 1026 1303 1066 usos
1349 1025 1507 1066 esse.
1595 1006 1704 1068 Sic
1746 1007 1948 1069 Julius
1974 1008 2116 1067 Fir-

212 1107 414 1168 mious
475 1106 554 1164 de
611 1103 833 1164 Error.
888 1104 1142 1185 profan.
1201 1105 1380 1187 relig.
1438 1126 1503 1186 p.
1557 1106 1705 1167 419.
1762 1106 1896 1166 Titi
1950 1106 2119 1171 Livii

213 1204 512 1265 Historias
557 1204 830 1284 appellat
871 1201 1174 1264 Annales
1190 1228 1210 1266 .-
1269 1225 1403 1264 non
1444 1203 1712 1264 temere!
1771 1205 1930 1266 Nam
1981 1207 2118 1288 ipse

213 1304 441 1367 Livius·
479 1303 657 1363 Libr.
685 1301 921 1363 XLIII.
967 1323 1020 1364 o.
1053 1304 1115 1364 3.
1161 1304 1440 1384 scripsit:
1492 1313 1607 1378 „et
1651 1306 1976 1386 quaedam
2016 1327 2121 1366 re-

214 1402 366 1482 ligio
407 1412 617 1478 tenet,
661 1436 749 1448 —
791 1423 873 1462 ea
910 1424 1033 1484 pro
1077 1402 1298 1481 dignis
1333 1403 1603 1477 habere,
1650 1424 1817 1485 quae
1845 1402 1919 1464 iu
1944 1425 2121 1464 meos

215 1503 495 1562 annales
535 1502 898 1583 rqf'eram.“
981 1501 1181 1583 Igitur
1224 1502 1500 1562 dubitari
1542 1524 1672 1563 non
1713 1508 1924 1583 potest
1966 1504 2119 1585 quin

218 1599 415 1661 Cassii
456 1601 765 1662 Heminae
794 1598 1141 1661 Annalibus
1185 1606 1248 1661 et
1282 1600 1568 1662 Historiis
1596 1621 1796 1674 unum
1827 1602 2123 1683 idemque

217 1699 582 1781 designetur
639 1720 798 1780 opus
815 1744 836 1778 ,
902 1705 978 1758 ut
1034 1700 1227 1759 etiam
1283 1706 1500 1761 contra
1555 1720 1679 1763 van
1730 1699 2012 1762 Vaassen
2054 1702 2123 1761 in

217 1798 554 1860 Animadv.
598 1800 680 1859 ad
721 1799 889 1861 Fast.
934 1820 999 1879 p.
1033 1799 1180 1858 169.
1240 1799 1320 1859 de
1364 1800 1627 1863 diversis
1671 1800 1969 1880 operibus
2014 1821 2124 1861 oo-

217 1897 524 1980 gitantem
565 1897 815 1983 monuit
855 1897 906 1959 F
908 1898 1028 1959 rid.
1070 1895 1514 1960 Lachmannus
1557 1900 1637 1960 de
1673 1899 1723 1959 F
1727 1905 1858 1961 ont.
1890 1899 2122 1961 Histor.
2184 1977 2186 1979 .

220 1996 301 2058 T.
330 1995 500 2061 Livii
541 2020 606 2081 p.
634 1999 737 2060 44.

389 2169 784 2252 Quapropter
824 2190 968 2232 mea
1010 2170 1272 2252 quidem
1314 2170 1623 2231 sententia
1664 2170 1730 2231 in
1770 2169 1965 2231 Cassii
1995 2169 2126 2230 He-

220 2266 430 2330 minae
472 2269 865 2354 Fragmentis
909 2277 1085 2333 reete
1127 2271 1404 2352 reposita
1442 2277 1623 2348 sunt,
1669 2291 1832 2351 quae
1862 2270 2127 2352 legimus

221 2369 392 2450 apud
421 2369 796 2431 Diomedem
839 2370 1018 2431 Libr.
1045 2369 1098 2430 Ι.
1142 2392 1208 2451 p.
1237 2370 1384 2430 379.
1417 2369 1489 2430 Ρ.
1534 2369 1829 2447 „Cassius
1858 2369 2127 2429 Hemina

221 2466 292 2526 111
335 2470 609 2530 seeundo
653 2470 1094 2531 historiarum·
1138 2471 1492 2530 Pastorum
1532 2471 1767 2547 vulgus
1811 2467 1950 2528 siue
1976 2488 2130 2527 cou-

222 2564 507 2626 tentaeoue
562 2568 1017 2629 consentiendo
1065 2568 1536 2650 praefecerunt
1594 2567 1951 2651 aequaliter
2006 2565 2131 2627 ‘im-

222 2663 409 2747 perio
451 2667 735 2728 Remum
778 2678 839 2728 et
879 2669 1277 2742 Romulum,
1320 2666 1417 2728 ita
1460 2678 1536 2728 ut
1578 2670 1656 2728 de
1697 2687 1895 2746 reguo
1934 2686 2130 2748 pares

224 2762 397 2824 iuter
446 2783 515 2825 se
568 2778 795 2828 esseut.
898 2770 1274 2827 Monstrum
1312 2769 1448 2848 fit,
1511 2790 1624 2829 sus
1670 2765 1859 2849 parit
1902 2784 2131 2847 porcos

225 2861 536 2940 triginta,
597 2867 779 2943 cujus
820 2865 921 2926 rei
938 2866 1200 2947 fanum
1223 2866 1535 2947 feceruut
1577 2866 1862 2928 Laribus
1911 2864 2131 2925 Grun-

228 2961 624 3041 cialibus⁵).“
727 2963 1025 3027 Consulto
1085 2965 1386 3046 adscripsi
1445 2967 1763 3050 integrum
1814 2963 2132 3046 fragmen-

227 3067 383 3122 tum.
458 3059 747 3146 Maffejus
774 3064 945 3126 enim
970 3065 1038 3124 in
1068 3065 1192 3126 hoc
1218 3065 1544 3127 Diomedis
1565 3066 1710 3127 ‘loco
1737 3083 1976 3126 nomen
1993 3063 2134 3124 He-

384 3288 443 3351 5)
484 3287 542 3337 Iu
575 3288 667 3338 hoc
701 3288 954 3340 Diomedis
989 3292 1094 3340 loco
1133 3289 1388 3355 Scioppius
1425 3289 1645 3355 Suspect.
1682 3290 1822 3342 Lect.
1862 3310 1940 3354 ep.
1980 3296 2030 3340 2.
2071 3306 2134 3338 ex

230 3353 364 3407 Msto
425 3364 660 3411 enotavit.
728 3364 802 3412 ita
848 3373 902 3410 ut
950 3360 1011 3410 de
1052 3366 1257 3425 imperio
1310 3376 1497 3426 parem
1544 3367 1673 3413 inter
1721 3383 1802 3424 se,
1855 3381 1943 3425 pro
1980 3377 2134 3425 pares

235 3442 415 3479 essem.
451 3433 531 3480 ubi
569 3431 839 3482 Gronovius
877 3431 1278 3484 Observationum
1318 3433 1461 3484 Libr‘.
1491 3434 1535 3484 Ι.
1573 3453 1615 3485 c.
1653 3441 1735 3485 10.
1763 3446 1965 3498 parent,
2005 3449 2133 3480 com-

232 3501 406 3561 pendio
439 3504 673 3553 scribendi
722 3514 877 3553 ortum
911 3507 1218 3568 existimans,
1279 3507 1330 3554 in
1368 3519 1617 3570 pararent
1665 3505 1942 3556 mutandum
1991 3502 2133 3564 idque

235 3570 368 3635 vulg.
407 3572 599 3624 lectioni
635 3593 713 3638 ap.
755 3574 1030 3627 Putschium
1061 3576 1424 3638 praeferendum
1461 3594 1569 3629 esse
1605 3577 1732 3627 dicit.
