2236 3932
840 201 1182 246 Excunsus
1226 202 1273 242 1.
1896 181 2019 244 125

113 350 330 428 negat,
372 343 453 405 de
479 345 556 404 P.
580 341 836 424 Alfeno
866 342 1051 405 Varo
1074 339 1214 402 Icto
1257 337 1519 422 cogitari
1546 357 1772 419 posse,
1816 351 2019 419 quum

113 463 322 524 neque
376 443 547 504 Varo
601 442 746 503 duci
796 439 1294 523 jurisprudentia
1307 481 1329 515 ,
1395 434 1607 518 neque
1657 436 1825 497 Varo
1880 437 2020 499 Icto

113 543 206 603 rei
244 542 531 603 militaris
574 540 833 601 scientia
857 561 1127 620 usquam
1140 582 1162 616 ‚
1202 538 1550 613 tribuatur,
1591 536 1682 596 ita
1706 536 1777 598 in
1802 558 2021 617 prom-

111 648 227 722 ptu
270 648 367 701 est
406 640 660 715 videre,
727 640 956 700 eodem
1009 639 1218 722 gladio
1268 635 1540 723 jugulari
1579 655 1771 718 posse
1814 635 2019 697 Vossii

110 740 537 820 suspicionem
561 740 642 799 de
672 736 751 799 L.
767 738 934 799 Varo
959 738 1292 819 Epicureo,
1336 748 1532 818 quem
1557 736 1800 823 pariter
1825 757 2019 799 nemo

107 839 439 900 tradiderit
478 858 785 918 umquam
826 838 1139 919 stipendia
1179 836 1424 899 fecisse.
1504 836 1715 918 >Quod
1757 836 1813 896 si
1853 837 2019 898 Vos-

108 938 240 999 sius
283 958 359 999 ea
399 944 614 1021 urget,
672 957 835 1018 quae
886 935 1178 1013 Servius,
1237 936 1624 1018 antiquiores
1640 979 1662 1013 ‚
1721 941 1794 996 ut
1835 935 2021 999 vide-

106 1042 246 1114 tur,
294 1044 591 1098 ,auctores
646 1044 899 1099 secutus
954 1037 1035 1097 ad
1077 1036 1292 1119 Eclog.
1324 1036 1440 1096 IX.
1482 1057 1548 1097 v.
1584 1036 1685 1097 10.
1730 1036 1812 1097 de
1856 1033 2017 1097 Cor-
2109 1069 2123 1077 κ

105 1138 260 1197 nelii
314 1134 640 1221 cujusdam
695 1138 984 1199 oratione
1023 1137 1092 1196 in
1132 1137 1301 1196 hunc
1342 1134 1707 1215 Alphenum
1750 1134 2017 1212 Varum,

104 1236 483 1318 iniquiorem
507 1236 999 1298 Mantuanorum
1040 1254 1335 1319 agrorum
1362 1233 1707 1295 divisorem
1722 1278 1742 1310 ‚
1780 1233 2014 1310 refert3

105 1338 342 1417 opponi
382 1342 588 1418 potest
628 1337 785 1398 alius
815 1334 1025 1397 Servii
1062 1335 1241 1395 locus
1268 1333 1350 1394 ad
1391 1332 1608 1414 Eclog.
1638 1333 1754 1393 IX.
1797 1356 1862 1396 v.
1882 1333 2015 1412 35„

105 1436 216 1495 ubi
239 1436 437 1497 Varus
453 1479 474 1512 ‚
519 1436 621 1497 cui
646 1435 936 1517 Virgilius
964 1453 1154 1514 supra
1186 1433 1259 1510 (i.
1291 1451 1350 1492 e.
1393 1429 1608 1514 Eclog.
1638 1431 1782 1510 VI.)
1827 1434 2016 1493 blan-

104 1536 269 1595 ditus
312 1556 453 1597 esse
497 1534 725 1595 dicitur
738 1577 759 1609 ,
816 1533 1024 1595 victor
1064 1537 1132 1592 et
1170 1530 1323 1591 belli
1366 1531 1501 1590 dux
1545 1531 1902 1611 appellatur
1952 1538 2019 1594 et

102 1635 183 1694 ab
223 1634 517 1715 Alpheno
564 1633 730 1694 Varo
772 1630 909 1693 Icto
954 1631 1185 1692 diserte
1226 1635 1293 1692 et
1341 1630 1529 1710 plane
1586 1630 2013 1713 distinguitur.

99 1733 195 1793 Ac
248 1732 532 1814 profecto
589 1733 644 1792 si
684 1731 857 1792 Varo
892 1731 1035 1791 duci
1076 1731 1250 1792 idem
1292 1729 1518 1790 fuisset
1574 1750 1812 1791 nomen
1853 1750 2017 1814 gen-

100 1833 247 1908 tile,
291 1833 675 1913 quodVaro
717 1831 854 1893 Icto
897 1830 1095 1892 fiiisse
1138 1830 1407 1908 scimuS,
1460 1830 1756 1907 mirum,
1781 1830 1836 1891 si
1876 1852 2014 1892 non

100 1932 453 1993 distinctius
509 1933 591 1993 de
655 1937 928 2012 utroque
995 1927 1245 1991 locutus
1316 1935 1487 1991 esset
1559 1927 1824 1992 Servius
1870 1950 2015 1992 -seu

98 2032 381 2113 quisquis
438 2037 539 2111 est
592 2030 760 2092 illius
818 2030 1040 2091 scholii
1094 2030 1388 2111 scriptor.
1430 2063 1519 2075 --
1575 2027 1899 2110 Spohnius
1940 2030 2013 2091 in

97 2131 563 2212 Prolegomenis
622 2130 704 2191 ad
760 2130 999 2213 Virgilii
1054 2130 1348 2191 Bucolica
1401 2149 1489 2190 ex
1544 2127 2011 2192 Grammatico-

96 2252 240 2291 rum
281 2230 404 2292 fide
434 2230 673 2292 Varum
705 2230 1119 2313 virgilianum
1161 2234 1524 2291 constanter
1564 2228 1854 2290 nominat
1881 2228 2010 2291 Al-

78 2331 326 2411 fenum
403 2331 692 2407 Varum,
771 2350 892 2391 nec
963 2331 1180 2393 tamen
1245 2334 1506 2410 apparet
1520 2372 1543 2407 ,
1618 2327 2008 2411 intelligatne

11 2414 13 2417 ’
97 2430 290 2489 alium
345 2430 708 2511 quempiam
764 2427 979 2512 hujus
1013 2429 1288 2491 nominis
1348 2429 1620 2505 Varum,
1682 2448 1764 2488 an
1806 2428 2011 2491 Juris-

98 2529 456 2590 consultum
495 2530 676 2589 illum
717 2529 1222 2591 celeberrimum.
1310 2527 1523 2592 Servii
1567 2528 2010 2591 auctoritatem

97 2636 345 2691 secutus
401 2631 482 2691 de
538 2628 771 2711 Ecloga
811 2628 927 2690 lx.
982 2629 1150 2689 inter
1206 2628 1326 2689 alia
1382 2651 1448 2710 p.
1489 2628 1596 2691 41.
1652 2628 1814 2691 haec
1864 2622 2034 2692 sere

95 2729 393 2810 disputat.
494 2729 755 2790 Perusia
810 2734 992 2810 capta
1048 2734 1115 2790 et
1166 2726 1255 2789 M.
1295 2727 1552 2789 Antonii
1608 2729 1873 2791 ducibus
1929 2749 2005 2791 ac

94 2827 424 2910 praesectis
467 2828 729 2910 repulsis
744 2873 764 2906 ,
810 2826 1196 2890 Octavianus
1244 2827 1399 2889 alios
1427 2827 1748 2890 substituit
1776 2829 1967 2890 duces
1982 2851 2001 2889 z

94 2928 165 2988 in
202 2928 415 2989 locum
458 2928 673 2990 Caleni
721 2926 1092 2991 Cornelium
1141 2927 1441 3005 Gallum,
1497 2927 1819 2989 inlocum
1859 2928 2004 2990 Asi-

94 3027 186 3087 nii
239 3027 546 3090 Pollionis
602 3026 927 3108 Alfenum
987 3027 1280 3102 Varum,
1355 3027 1468 3108 qui
1523 3033 1591 3090 et
1646 3027 2003 3090 Pollionem

94 3133 343 3187 arceret
382 3127 452 3188 in
491 3128 751 3211 regione
785 3125 1032 3187 Veneta
1073 3140 1257 3210 agros
1280 3126 1598 3208 urbesque
1627 3146 2000 3208 oppugnan-

93 3233 223 3286 tem
242 3269 262 3302 ‚
305 3232 371 3287 et
410 3228 574 3309 agris
617 3225 967 3288 dividendis
1005 3231 1367 3307 praeesset,
1397 3226 1623 3287 ‘addito
1654 3225 1998 3287 limitatore

95 3325 356 3385 Octavio
400 3325 610 3387 Musat
654 3347 717 3388 v.
745 3325 1007 3387 Servius
1048 3327 1129 3387 ad
1169 3324 1383 3408 Eclog.
1403 3325 1526 3386 IX.
1571 3346 1634 3386 v.
1666 3328 1729 3385 7.
1818 3324 1996 3403 „Va-

95 3445 203 3484 rus
233 3432 295 3484 et
326 3425 539 3501 Musa,
581 3426 780 3508 pergit
809 3425 1161 3506 Spohnius‚
1203 3426 1424 3507 *inique
1450 3429 1788 3485 tractarlmt
1816 3425 1997 3487 Man-

93 3531 351 3597 tuanos3
396 3525 638 3585 addidit
678 3525 851 3586 enim
878 3524 1054 3587 Musa
1082 3524 1446 3606 quindecim
1475 3523 1670 3585 millia
1693 3542 1994 3605 passuum

93 3623 228 3706 agri
280 3623 633 3703 Mantuani,
706 3643 907 3706 quum
962 3622 1407 3688 Cremonensis
1463 3642 1594 3685 non
1653 3622 1993 3701 sufficeret,
