2236 3932
840 135 1177 186 nxcuusus
1223 139 1290 182 v.
1883 116 2002 180 351

132 305 289 348 esse.
372 285 456 345 At
485 304 613 364 quo
642 283 901 343 tandem
924 284 1107 360 pacto
1132 279 1277 338 inde
1317 274 1526 357 colligi
1562 274 1794 354 possit,
1838 294 2012 335 eam-

130 388 276 446 dem
321 382 647 445 Octaviam
689 389 832 463 post
872 378 1152 439 Marcelli
1204 377 1450 437 obitum
1504 393 1543 435 a
1581 371 1774 433 fratre
1817 375 2012 435 collo-

129 490 331 545 catam
383 502 519 543 esse
559 481 645 540 M.
688 479 960 540 Antonio
973 521 994 555 ,
1054 475 1252 536 fateor
1306 495 1411 535 me
1462 494 1593 535 non
1646 472 2010 554 intelligere.

126 583 253 642 Nec
296 582 519 658 video,
585 600 713 660 quo
766 579 959 639 modo
1000 573 1368 636 Perizonius
1421 578 1662 633 tantam
1702 571 2013 652 probandi

125 682 256 742 vim
297 682 590 741 tribuere
613 677 815 759 possit
854 675 962 737 isti
1001 672 1317 736 Ciceronis
1358 667 1546 733 loco?
1591 669 1820 739 Orator
1866 689 2014 731 cum

122 780 188 839 id
233 784 479 861 ageret,
533 784 609 837 ut
649 774 1107 858 impudentiam
1146 772 1234 834 Μ.
1277 770 1530 832 Antonii
1571 768 2012 852 exprobrantis

126 877 472 938 Octaviano
502 876 746 959 generis
775 873 1260 958 ignobilitatem,
1304 870 1692 947 confutaret,
1727 869 2011 951 ¹primmn

124 977 533 1057 contemptim
588 980 896 1036 memorat
959 990 1233 1034 uxorem
1302 971 1528 1051 patriS‚
1599 968 2013 1030 Numitoriam

123 1075 547 1158 Fregellanam
562 1118 582 1151 ,
624 1073 960 1156 proditoris
994 1071 1219 1147 filiam,
1263 1075 1330 1132 et
1369 1069 1580 1149 ipsum
1621 1069 1843 1131 uxoris
1878 1068 2012 1150 pri-

123 1195 265 1235 mae
280 1219 300 1251 ,
353 1174 580 1235 Fadiae
596 1217 614 1250 ,
673 1173 970 1234 libertino
1008 1177 1191 1232 natae
1232 1175 1414 1252 patre
1430 1211 1448 1244 ,
1507 1166 2008 1229 commonefacit.

122 1275 365 1335 Deinde
407 1274 497 1334 eis
539 1271 799 1353 opponit
839 1272 1041 1333 Atiam
1082 1268 1349 1354 ejusque
1390 1267 1620 1342 filiam,
1681 1265 2011 1331 octaviam

122 1374 471 1448 minorem,
515 1373 780 1452 optimas
820 1370 1125 1448 feminas,
1167 1389 1341 1450 quas
1364 1387 1604 1429 uxores
1629 1366 1864 1427 habere
1896 1385 2012 1434 ne-

0 1501 5 1513 =
123 1491 441 1552 quaquam
496 1471 823 1552 poenitere
873 1469 950 1532 L.
991 1470 1351 1550 Philippum
1406 1474 1472 1528 et
1528 1465 1596 1528 G.
1641 1466 2010 1526 Marcellum

122 1570 414 1631 affirmat.
513 1571 749 1647 Quodsi
789 1569 1159 1631 Perizonius
1196 1568 1343 1628 inde
1385 1565 1789 1635 Plutarchum
1831 1585 2011 1625 erro-

122 1670 209 1729 ris
265 1669 638 1731 convincere
694 1671 981 1747 volebat,
1049 1667 1376 1749 oportebat
1445 1685 1592 1727 etun
1649 1666 2009 1739 ostendere,

122 1768 291 1829 hunc
319 1767 388 1828 C.
420 1768 783 1831 Marcellum
800 1814 819 1846 ,
863 1789 901 1829 a
932 1767 1236 1829 Cicerone
1262 1772 1719 1839 memoratum,
1763 1765 2009 1825 nullum

120 1869 312 1927 alium
357 1888 497 1928 esse
539 1889 724 1949 posse
765 1888 953 1948 quam
996 1867 1324 1942 eumdem,
1366 1873 1507 1947 post
1549 1863 1726 1947 cujus
1769 1865 2010 1938 obitum

122 1967 380 2027 Octavia
435 1967 623 2027 vidua
673 1979 709 2027 a
751 1966 1084 2028 Plutarcho
1140 1966 1386 2026 dicatur
1423 1964 1509 2023 M.
1554 1966 1832 2026 Antonio
1888 1986 2009 2025 nu-

120 2066 337 2146 psisse.
424 2066 706 2146 Namque
734 2067 798 2125 id
829 2088 1027 2126 unum
1063 2072 1303 2126 certum
1347 2072 1438 2127 est
1482 2074 1668 2144 atque
1712 2065 2009 2146 explora-

117 2174 250 2224 tum
269 2207 286 2235 ,
346 2173 636 2245 quartam
691 2166 861 2226 illam
906 2165 1254 2226 Triumviri
1295 2185 1568 2226 uxorem
1611 2164 2007 2226 matrimonio

118 2273 298 2325 antea
329 2262 607 2346 junctam
633 2263 825 2329 fuisse
853 2286 1001 2327 cum
1030 2265 1099 2326 C.
1129 2265 1425 2326 Marcello
1455 2265 1749 2344 quodam.
1796 2246 2008 2346 Quare

120 2363 246 2423 salli
303 2384 411 2424 eos
427 2407 447 2439 ,
503 2365 614 2445 qui
657 2364 742 2424 M.
786 2363 1152 2425 Marcellum
1194 2365 1534 2446 quemdam
1574 2362 1700 2428 huc
1741 2363 2006 2440 trah-ant,

118 2463 300 2523 docte
341 2464 631 2544 probavit
672 2463 1075 2526 Drnmannus
1116 2464 1185 2525 in
1225 2464 1462 2525 Histor.
1491 2463 1674 2525 Rom.
1704 2446 1890 2525 Tom.
1922 2462 2006 2523 II.

118 2584 180 2642 p.
224 2563 366 2623 401.

287 2661 485 2724 Nemo
526 2662 714 2745 igitur
756 2664 1131 2745 scriptorum
1160 2671 1444 2727 veterum
1473 2669 1686 2746 aperte
1723 2669 2006 2740 testatur,

116 2762 429 2823 uterinam
470 2761 752 2825 Caesaris
788 2764 1109 2826 Octaviani
1152 2783 1436 2826 sororem
1452 2808 1471 2842 ,
1518 2762 1843 2826 Octaviam
1884 2763 2007 2823 mi-

116 2882 341 2922 norem
356 2905 376 2938 ,
419 2861 505 2922 M.
538 2862 815 2925 Antonio
851 2864 918 2925 in
958 2863 1432 2925 matrimonium
1474 2865 1683 2925 datam
1727 2882 1897 2937 esse3
1940 2869 2005 2924 at

118 2962 485 3023 Plutarchus
528 2963 810 3024 consulto
853 2964 1165 3024 addidisse
1193 2962 1348 3023 mihi
1375 2962 1628 3025 videtur
1659 2961 2003 3038 Octaviam,

116 3060 202 3120 M.
235 3060 493 3122 Antonii
520 3081 814 3140 uxorem,
857 3061 1208 3123 Anchariae
1235 3061 1428 3124 fuisse
1457 3061 1671 3139 filiam,
1716 3082 2005 3124 sororem

114 3161 375 3241 quidem
404 3160 689 3222 Caesaris
719 3159 1048 3224 Octaviani
1091 3164 1483 3240 πρεσβυτέραν,
1522 3161 1636 3222 ἀλλ’
1663 3162 1762 3235 οὐχ
1789 3162 2002 3240 ὁμομη-

113 3261 299 3334 τρίαν,
358 3265 431 3320 ut
484 3260 685 3321 errori
738 3267 1098 3323 occurreret
1138 3267 1201 3323 et
1239 3268 1678 3344 praecaveret,
1734 3281 1820 3324 ne
1863 3263 2003 3343 quis

112 3356 292 3418 Atiae
324 3356 548 3435 filiam,
594 3356 923 3422 Octaviam
950 3359 1295 3438 minorem,
1338 3360 1730 3444 intelligeret.
1802 3358 2002 3444 Hujus

114 3464 324 3517 autem
379 3456 535 3518 fides
589 3458 817 3538 poterit
881 3460 1054 3521 salva
1104 3462 1405 3542 praestari
1463 3459 1795 3541 omnisque
1850 3481 2001 3522 con-

113 3556 420 3619 troversia
463 3575 542 3618 ea
584 3557 664 3619 de
704 3576 774 3620 re
818 3559 1109 3641 componi
1124 3604 1146 3638 ,
1187 3561 1274 3637 si,
1317 3565 1659 3642 praeeunte
1703 3559 1999 3623 Tristano
