2236 3932
219 137 345 205 216
802 157 883 199 DE
929 155 1154 196 cAss1o
1201 156 1566 195 PARMENSI.

220 297 493 355 aetatem
547 296 987 375 propagarent.
1086 288 1166 348 Et
1226 289 1365 369 quis
1432 311 1563 350 non
1615 290 1909 367 miretur,
1979 310 2064 350 mz
2083 322 2118 339 -

222 413 415 475 gnum
456 392 640 452 illum
681 391 921 466 virum,
967 387 1046 449 G.
1079 386 1136 448 J.
1168 386 1464 448 Vossium
1498 391 1578 448 de
1605 389 1781 450 Poet.
1813 389 1954 461 Lat.
1983 410 2037 450 c.
2056 393 2118 450 2.

221 513 288 572 p.
335 493 481 552 237.
541 491 728 550 Tom.
761 487 876 547 ΙΠ.
926 484 1091 568 Opp.
1149 488 1618 548 commiscuisse
1677 488 1959 549 Cassi1m1
2001 487 2122 548 Se-

219 611 448 653 verum
493 589 825 650 Oratorem
882 606 1029 646 cum
1086 585 1297 647 Cassio
1338 586 1668 647 Parmensi
1711 583 1945 648 Poeta?
2003 587 2123 646 At-

221 710 347 770 que
400 690 572 750 hunc
628 687 833 748 Vossii
887 705 1174 746 errorem
1237 686 1624 766 repetierunt
1685 688 1866 746 multi
1880 731 1900 764 ,
1973 687 2124 747 licet

198 809 371 849 reum
411 785 541 869 jam
582 784 662 847 L.
708 785 1018 863 Gyraldus
1062 786 1142 845 de
1169 785 1346 845 Poet.
1378 784 1519 845 Lat.
1549 787 1712 847 Dial.
1743 786 1845 846 IV.
1892 809 1956 866 p.
1979 787 2122 845 160.

223 885 392 968 Opp.
448 885 790 960 notaverit,
864 890 930 945 et
977 889 1320 964 utrumque
1365 884 1646 946 Cassium
1687 891 1860 946 recte
1905 885 2125 944 distin-

221 986 390 1046 xerit
450 984 523 1046 P.
583 983 856 1045 Crinitus
927 984 1008 1045 ‹le
1075 982 1255 1044 Poet.
1323 982 1465 1045 Lat.
1522 985 1698 1046 Libr.
1743 985 1858 1046 ΠΙ.
1921 1005 1974 1046 c.
2019 986 2126 1047 47.

220 1107 286 1167 p.
331 1085 479 1145 469.

396 1184 520 1261 Qui
574 1190 785 1246 autem
848 1184 1089 1246 factum
1157 1185 1270 1263 sit,
1345 1190 1417 1244 ut
1472 1182 1718 1244 Cassius
1773 1184 2129 1246 Parmensis

220 1298 606 1366 praenomen
670 1284 817 1363 Cajz’
864 1286 1181 1347 inveniret
1197 1329 1218 1362 ,
1275 1282 1478 1344 fateor
1522 1304 1629 1344 me
1671 1286 1914 1345 nescire
1931 1330 1950 1363 ,
2005 1283 2132 1343 nisi

222 1384 515 1445 statueris
533 1429 552 1461 ‚
628 1384 911 1446 Cassium
964 1385 1222 1444 Poetam
1280 1383 1615 1444 confusum
1673 1404 1810 1445 esse
1869 1404 2012 1443 cum
2062 1383 2130 1443 G.

229 1483 452 1546 Cassio
494 1483 831 1562 Longino,
876 1484 1162 1565 principe
1206 1480 1679 1566 conjuratorum
1723 1490 1788 1544 et
1830 1483 1915 1543 M.
1951 1481 2133 1541 Bruti

225 1583 430 1644 socio:
492 1605 618 1663 quo
676 1584 933 1660 nomine
989 1584 1096 1645 vel
1139 1589 1351 1643 nostra
1393 1584 1702 1644 memoria
1748 1583 2132 1665 castigandus

226 1687 324 1743 est
365 1682 684 1742 Harlesius
725 1683 795 1742 in
835 1682 1075 1745 Introd.
1120 1683 1188 1742 in
1228 1681 1370 1743 Not.
1414 1676 1568 1742 Litt.
1625 1681 1809 1743 Rom.
1855 1681 1999 1741 Vol.
2045 1679 2132 1739 II.

225 1789 277 1855 ς.
313 1780 412 1841 15.
455 1802 519 1861 p.
566 1783 715 1842 222.
815 1783 1062 1842 Primus
1074 1826 1095 1858 ,
1164 1782 1230 1841 ni
1272 1781 1490 1858 fallor,
1555 1801 1942 1861 praenomen
1992 1777 2140 1856 Caji

225 1886 448 1962 poetae
506 1880 597 1939 illi
653 1881 977 1942 Parmensi
1029 1880 1324 1962 praefixit
1366 1882 1437 1957 P.
1477 1881 1808 1956 Pithoeus,
1868 1884 2032 1939 teste
2075 1876 2136 1939 J.

226 1980 306 2039 A.
350 1978 637 2039 Fabricio
693 1980 760 2039 in
816 1980 979 2040 Bibl.
1044 1980 1185 2041 Lat.
1241 1981 1428 2042 Tom.
1472 1979 1587 2038 ΙΙΙ.
1645 2002 1709 2059 p.
1754 1980 1898 2039 241.
1954 1976 2133 2054 Ern.,

226 2079 448 2159 fflique
489 2079 757 2138 assensit
797 2079 868 2139 P.
901 2080 1298 2141 Burmannus
1342 2081 1409 2140 in
1434 2078 1681 2140 Anthol.
1714 2077 1852 2139 Lat.
1887 2075 2136 2138 Libr.I.

230 2177 446 2261 Epigr.
484 2174 632 2239 135.
674 2179 811 2240 Vol.
843 2178 895 2242 I.
938 2200 1003 2260 p.
1037 2182 1142 2241 97.
1207 2204 1211 2212 ¹

403 2277 648 2338 Verum
704 2284 918 2339 tamen
975 2279 1228 2360 utrique
1283 2279 1559 2355 nomini,
1632 2278 1806 2360 quod
1862 2276 2139 2340 vidimus

235 2378 412 2440 omni
452 2376 577 2438 fide
621 2377 921 2439 historica
963 2379 1332 2440 destitutum
1374 2398 1548 2455 esse,
1621 2379 1786 2459 apud
1827 2377 2141 2438 Nostrates

234 2477 649 2560 insigniorem
723 2479 1339 2559 commendationem
1395 2486 1461 2539 et
1519 2479 1954 2539 auctoritatem
2024 2496 2142 2536 suo

238 2597 497 2638 assensu
555 2577 908 2639 conciliavit
962 2578 1064 2640 vir
1106 2579 1317 2662 magni
1358 2578 1632 2640 nominis
1674 2584 1738 2638 et
1781 2575 2145 2639 excellentis

237 2676 575 2752 doctrinae,
623 2676 994 2758 Christoph„
1011 2675 1244 2738 Saxius
1261 2722 1280 2754 ,
1327 2680 1438 2759 qui
1464 2679 1531 2738 in
1559 2677 1886 2739 Onomast.
1917 2675 2143 2734 Litter.

240 2778 430 2836 Tom.
461 2775 513 2834 Ι.
558 2797 622 2855 p.
655 2778 797 2836 170.
839 2777 1000 2838 haec
1042 2778 1321 2858 scripsitz
1379 2779 1503 2855 „G.
1556 2777 1818 2839 Cassius
1851 2777 2144 2834 ‘Severus

239 2873 613 2938 Parmensis
631 2918 651 2950 ,
722 2897 897 2936 unus
956 2893 1420 2958 percussorum
1493 2876 1831 2950 Caesaris,
1898 2873 2147 2935 subitas

242 2973 715 3055 versg'ficalorf‘
815 2975 911 3036 De
969 2977 1379 3057 praenomine
1422 2984 1484 3038 et
1528 2976 1900 3060 cognomine
1946 2973 2146 3034 Cassii

242 3073 598 3134 Parmensis
639 3073 798 3133 nihil
840 3076 1107 3156 amplius
1152 3076 1391 3150 dicam3
1463 3078 1578 3137 sed
1630 3096 1829 3156 quum
1873 3073 2147 3135 eximius

238 3173 348 3232 ille
406 3174 506 3234 vir
562 3174 859 3233 eumdem
926 3175 1199 3255 appellat
1267 3176 1550 3236 subitum
1614 3174 2146 3255 versificatorem,

243 3272 696 3332 existimandus
739 3278 837 3332 est
879 3273 983 3332 alii
1027 3275 1226 3336 errori
1256 3277 1584 3356 multoque
1615 3273 1905 3358 graviori
1931 3277 2149 3354 patro—

247 3371 492 3430 cinatus
554 3392 710 3431 esse.
814 3370 971 3432 Nam
1012 3374 1080 3433 id
1123 3382 1413 3455 apertum
1457 3380 1583 3451 est,
1655 3373 1924 3434 saxium
1966 3371 2032 3428 in
2075 3387 2151 3427 ea

245 3467 438 3529 fuisse
483 3471 830 3548 sententia,
873 3476 942 3531 ut
985 3470 1267 3534 Cassium
1307 3475 1718 3535 Parmensem
1761 3492 1892 3532 non
1936 3468 2150 3528 ‹liver-

246 3588 387 3634 sum
430 3591 565 3631 esse
610 3575 893 3638 censeret
936 3590 973 3632 a
1017 3570 1231 3635 Cassio
1275 3572 1580 3652 EtruscO‚
1628 3573 1853 3652 itaque
1909 3566 2151 3628 faceret
