2236 3932
674 173 755 212 nn
802 173 1027 214 CAssxo
1073 173 1439 239 uxamensi.
1890 154 2010 216 241

116 311 311 375 kenio
366 308 638 392 cogitare
710 309 789 370 de
855 307 1035 390 copia
1091 329 1165 370 66
1235 307 1641 368 multitudine
1700 309 2010 371 libroriml

116 431 308 491 quam
351 410 431 470 de
477 413 652 469 vasto
697 427 920 468 eorum
963 409 1224 468 ambitu.
2091 394 2094 397 ¹

283 505 526 568 Verum
568 505 739 565 enim
780 525 935 567 vero
979 507 1278 569 utramvis
1321 505 1603 587 sequeris
1631 507 2007 588 interpreta-

110 608 380 682 tionem,
423 605 492 665 in
533 604 759 664 eodem
800 604 975 665 incili
1018 606 1406 668 adhaerebiS.
1492 605 1650 666 Nam
1694 606 1747 666 si
1773 612 2007 667 statue·-

107 707 194 766 ris
211 751 232 782 ,
307 704 589 765 Cassium
644 702 1058 765 Parmensem
1113 707 1217 767 hie
1273 726 1411 767 esse
1448 711 1744 788 „notatum
1789 725 1860 765 66
1903 726 2009 765 re-

111 804 531 886 prehensum,
575 800 829 862 fatearis
871 824 1128 865 necesse
1171 812 1296 882 est,
1341 805 1671 866 Horatium
1708 803 2009 865 utrolibet

107 904 366 964 nomine
409 922 557 963 cum
600 902 887 979 Tibullo,
956 904 1159 965 amico
1215 913 1277 966 et
1320 905 1585 965 candido
1623 902 2006 966 Sermonum

106 1000 355 1086 judice,
397 1023 532 1062 non
572 1003 765 1062 modo
809 1024 939 1064 non
982 1005 1247 1065 candide
1290 1009 1352 1070 et
1387 1010 1706 1081 amanter,
1750 1005 1866 1064 sed
1893 1025 2006 1063 ru-

106 1102 260 1162 stice
331 1102 488 1162 adeo
550 1108 615 1162 et
673 1101 1102 1163 inhumaniter
1157 1104 1381 1186 egisse.
1498 1100 1786 1164 Tibullus
1830 1101 2004 1162 enim

105 1201 195 1261 sio
239 1200 552 1261 diceretur
592 1201 757 1260 male
812 1201 905 1261 uti
946 1202 1078 1263 otio
1122 1223 1274 1278 suo,
1342 1201 1411 1260 id
1455 1202 1508 1262 si
1552 1222 1736 1284 agere
1782 1202 2006 1263 existi-

100 1307 414 1376 maretur,
488 1306 563 1360 ut
619 1299 961 1361 scribendis
1020 1300 1401 1361 carminibus
1460 1300 1655 1361 Cassii
1708 1298 2006 1381 opuscula

105 1400 239 1461 sive
280 1406 459 1461 vasta
511 1400 645 1462 sive
692 1399 942 1481 copiosa
984 1400 1283 1462 vinceret.
1367 1399 1633 1460 Adeone
1675 1390 2004 1461 Horatium

104 1500 205 1558 sui
261 1499 527 1559 oblitum
585 1518 720 1559 esse
778 1506 844 1558 et
899 1498 1353 1559 humanitatem
1426 1498 1722 1575 exuisse,
1797 1506 1868 1560 ut
1925 1501 2004 1560 ad

99 1598 412 1674 amicum,
458 1594 637 1679 eujus
681 1597 964 1658 animum
993 1596 1346 1659 exhilarare
1388 1598 1617 1675 vellet,
1665 1618 1740 1658 ea
1769 1595 2004 1659 scribe—

100 1704 222 1774 ret,
267 1698 498 1778 quibus
526 1697 632 1758 ille
654 1717 784 1758 non
812 1703 1027 1780 posset
1053 1719 1182 1758 non
1197 1698 1439 1757 laeslun
1469 1717 1539 1759 se
1568 1696 2005 1780 violatumque

103 1792 372 1879 putare?
414 1796 502 1856 At
544 1804 843 1877 quantum
870 1796 1272 1857 humanitatis
1316 1817 1389 1859 66
1427 1797 1752 1859 suavitatis
1793 1796 1892 1859 his
1934 1799 2005 1860 in

101 1897 312 1959 verbis
353 1897 550 1974 inest,
595 1897 650 1956 si
678 1896 872 1958 Cassii
916 1897 1215 1978 opuscula
1235 1893 1582 1979 xpraeclara
1626 1917 1698 1958 66
1740 1905 2002 1977 venusta

99 1995 293 2058 fuisse
348 1997 693 2070 credimus;
759 1996 813 2056 si
875 1997 1208 2057 Horatilun
1264 2016 1350 2057 ex
1411 1997 1708 2058 diuturno
1766 1996 2005 2059 Tibulli

98 2095 351 2157 silentio
409 2097 792 2177 suspicatmn
846 2116 983 2157 esse
1023 2097 1353 2178 ponimus,
1427 2096 1701 2158 amicum
1744 2096 1811 2157 in
1856 2089 2024 2160 villa·

99 2195 573 2256 delitescentem
628 2197 906 2257 earmina
959 2197 1254 2257 meditari
1298 2217 1461 2278 quae
1503 2197 1651 2278 ipsis
1694 2194 2033 2283 Cassianis·
2081 2229 2088 2237 x>

101 2294 390 2375 quamvis
434 2296 698 2378 egregiis
738 2294 1086 2377 praestent!
1131 2296 1339 2378 Atque
1381 2296 1537 2356 haee
1571 2296 2003 2378 interpretatio

102 2393 287 2454 unice
330 2414 479 2456 vera
523 2402 588 2454 et
629 2396 862 2457 idonea
905 2395 1031 2458 est!
1077 2396 1495 2457 lhunanitatis
1539 2402 1708 2474 erat,
1753 2393 2004 2478 poetica

98 2494 287 2554 amici
329 2514 520 2574 opera
566 2515 946 2575 componere
998 2516 1142 2556 eum
1186 2495 1702 2578 praestantissimi
1746 2487 2003 2582 alicujus

98 2599 323 2673 poetae
367 2592 780 2667 carminibus;
827 2596 1202 2674 prudentiae
1245 2615 1400 2656 vero
1445 2601 1507 2655 et
1551 2590 1888 2673 cautioniS,
1933 2595 2004 2656 in

98 2692 480 2752 consolando
525 2693 986 2775 excitandoque
1044 2695 1245 2756 amieo
1289 2694 1523 2772 vitare,
1590 2714 2003 2777 quaecunque

96 2788 232 2874 ejus
276 2792 560 2851 animmn
601 2790 802 2852 levius
846 2793 1095 2875 gravius
1139 2792 1460 2855 offendere
1499 2800 1782 2876 possent.
1954 2871 1960 2875 q

269 2890 668 2971 Quapropter
693 2911 777 2951 ne
804 2891 959 2951 illud
987 2893 1246 2973 quidem
1268 2913 1576 2975 ponamus
1609 2893 1841 2973 licebit,
1872 2893 2005 2955 Ho-

97 2990 359 3068 ratium,
415 2990 578 3050 male
624 2991 1000 3052 sentientem
1046 2994 1125 3052 ‹le
1170 2992 1362 3054 Cassii
1406 2994 1748 3075 poematIS,
1809 2990 2003 3075 jocari

97 3077 347 3150 tant'um
390 3090 661 3150 voluisse
707 3112 852 3150 oum
899 3091 1155 3152 Tibullo
1200 3089 1464 3175 ejusque
1508 3093 1702 3155 vitam
1744 3092 1812 3151 in
1855 3092 2002 3155 villa

98 3189 362 3249 otiosam
390 3210 463 3250 66
508 3190 789 3249 desidem
821 3191 1117 3251 cavillari.
1203 3192 1366 3253 Huic
1412 3192 1695 3273 opinioni
1722 3190 2005 3275 refraga-

97 3294 202 3346 tur
231 3307 358 3346 non
387 3290 579 3349 modo
626 3289 953 3349 consilium
971 3334 990 3367 ,
1036 3291 1146 3350 sed
1190 3291 1350 3351 ratio
1386 3293 1574 3352 etiam
1601 3298 1665 3352 et
1699 3291 1874 3351 color
1904 3297 2005 3352 to-

98 3387 224 3445 tius
254 3385 600 3467 Epistolae,
649 3386 712 3447 iu
747 3409 870 3467 qua
916 3389 1160 3465 omnia,
1205 3390 1255 3451 si
1300 3390 1492 3452 finem
1521 3390 1879 3470 exceperis,
1925 3392 2005 3451 ad

100 3486 503 3547 seven-itatem
548 3495 613 3546 et
657 3486 1027 3566 gravitatem
1072 3496 1218 3549 sunt
1263 3490 1613 3570 composita
1656 3497 1718 3549 et
1761 3509 1796 3550 a
1841 3512 2003 3571 quo-

108 3584 203 3647 vis
247 3581 387 3666 joco
432 3593 495 3644 et
542 3585 812 3646 ludibrio
856 3586 1079 3648 aliena.
1167 3588 1435 3650 Poeticis
1474 3588 1712 3650 Tibulli
1759 3589 2000 3664 studiis,

175 3683 495 3734 lvi-‚mutan
532 3684 820 3736 (inmutar-
1559 3688 1636 3749 16
