2236 3932
677 228 764 289 „me
809 227 1053 270 cAssto'
1073 225 1436 267 ι’ᾼιιΜΕΝει.
1712 194 1715 197 ’
1891 203 2016 267 275

117 369 177 427 l.
220 369 283 427 2.
327 367 391 427 3.
452 364 612 443 (vid.
672 357 953 444 Zumptii
1012 361 1338 444 Supplem.
1393 382 1458 442 p.
1498 361 1673 439 279.)
1720 358 2013 438 offerunt,

114 475 287 529 recte
339 464 655 526 revocavit
711 461 1144 545 Spaldingius‚
1218 468 1285 522 et
1336 458 1467 543 jam
1510 458 1886 521 Gebhardus
1950 461 2017 519 in

114 564 490 646 Crepundiis
543 560 723 620 Libr.
769 560 853 619 H.
923 581 976 622 c.
1028 563 1132 622 15.
1186 584 1252 643 p.
1281 559 1400 634 595.
1472 561 1765 620 eamdem
1822 560 2016 619 tuitus

112 665 452 725 lectionem
521 658 890 741 lanipedem
956 682 1168 720 senem
1224 660 1503 742 explieat
1558 658 2013 740 tardigrffllum,

111 765 254 824 lana
298 761 641 843 obligatum
672 779 875 839 eoque
905 759 1137 820 lentius
1168 765 1667 841 promoventem.
1758 756 2017 818 Confert

108 883 196 922 ex
248 859 449 921 Plauti
506 857 751 938 Epidio.
783 858 861 918 V.
897 859 955 918 l.
998 879 1061 921 v.
1092 858 1196 919 21.
1242 859 1443 941 pedes
1481 858 1891 940 pulmoneos,
1952 862 2018 916 et

110 981 196 1021 ex
238 957 541 1019 Macrobii
573 955 830 1016 Saturn.
874 957 1050 1018 Libr.
1084 957 1137 1018 I.
1183 979 1241 1019 e.
1269 961 1330 1019 8.
1375 957 1789 1038 proverbium
1815 956 2023 1037 quod-

114 1061 292 1119 dam:
353 1058 575 1131 „Deos
620 1057 847 1116 laneos
879 1057 1080 1138 pedes
1123 1057 1430 1117 hcebere.“
1515 1057 1727 1116 Minus
1769 1037 2019 1116 accom-

109 1159 367 1219 modate
426 1162 752 1237 comparat
809 1156 1215 1216 Burmannus
1273 1176 1418 1216 eum
1475 1176 1663 1218 versu
1725 1155 2018 1216 Cassiano

115 1255 403 1318 Terentii
455 1253 746 1315 Eunueh.
786 1252 901 1314 IV.
946 1256 1008 1316 4.
1053 1276 1116 1316 v.
1150 1256 1246 1315 3.:
1302 1256 1535 1329 „Illud
1576 1253 1758 1328 vide,
1835 1277 1904 1314 os
1946 1264 2021 1315 ut

113 1355 242 1418 sibi
278 1353 569 1416 distorsit
612 1353 995 1435 carnff‘ex.“

281 1498 418 1557 Hoc
472 1514 671 1556 unum
727 1493 918 1577 vidgo
973 1502 1228 1575 putatur
1284 1502 1540 1558 exstare
1581 1495 2022 1578 fragmentum,

113 1599 287 1679 quod
328 1597 410 1655 ad
454 1594 651 1655 Cassii
692 1594 1053 1655 Parmensis
1112 1596 1564 1678 epigrammata
1606 1596 2024 1677 probabiliter

113 1695 339 1759 referri
381 1700 591 1776 queat.
678 1692 837 1753 Mihi
881 1700 1094 1754 autem
1135 1695 1495 1756 remetienti
1553 1695 1765 1756 animo
1808 1701 1873 1756 et
1917 1715 2026 1755 eo-

114 1796 416 1881 gitatione
461 1793 660 1856 Cassii
702 1793 1062 1882 Parmensis
1103 1794 1303 1856 vitam
1344 1800 1410 1855 et
1451 1793 1578 1854 fata
1591 1839 1611 1872 ,
1670 1794 1750 1855 ‹le
1794 1795 2026 1875 quibus

8 1966 11 1969 ,
114 1915 301 1978 supra
357 1903 409 1969 §.
457 1896 556 1955 12.
606 1900 673 1954 et
720 1894 820 1954 13.
864 1899 1074 1954 aetum
1117 1902 1245 1972 est,
1304 1914 1377 1955 ae
1420 1895 1774 1975 reputanti,
1832 1914 2026 1975 quam

116 1995 362 2056 infenso
415 1994 526 2055 ille
581 1994 649 2053 in
692 1991 1031 2055 Caesarem
1076 1992 1499 2056 Octavianum
1540 1992 1730 2055 fuerit
1771 2014 2026 2054 manse·

114 2096 325 2177 ritque
378 2095 461 2155 ad
517 2093 687 2155 vitae
743 2113 950 2173 usque
1005 2094 1248 2156 exitum
1304 2094 1550 2170 animo,
1623 2094 1692 2154 in
1745 2101 2028 2154 mentem

116 2195 292 2258 venit
346 2193 684 2275 suspicari,
762 2193 843 2252 ad
899 2213 1048 2254 eum
1103 2199 1427 2275 tamquam
1479 2199 1803 2254 auctorem
1856 2192 2029 2254 refe-

115 2296 384 2357 rendum
441 2298 580 2355 esse
635 2312 836 2352 unum
890 2293 1178 2375 itemque
1231 2295 1503 2355 alterum
1559 2312 1646 2353 ex
1695 2300 2028 2354 contume-

116 2394 288 2455 liosis
333 2391 835 2475 epigrammatiS,
891 2393 1121 2472 quibus
1168 2394 1410 2455 Romae
1456 2391 1728 2466 ἇνωνυμεὶ
1770 2393 2030 2476 evulga-

119 2494 200 2553 tis
243 2492 680 2553 Triumvirum
722 2491 917 2550 istum
959 2493 1233 2573 petit1m1
1259 2494 1730 2575 laceratumque
1773 2513 1947 2571 esse,
1994 2511 2031 2553 a

121 2593 430 2654 Suetonio
472 2591 820 2651 memoriae
863 2592 1185 2672 proditiun
1232 2593 1522 2676 legimus,

288 2748 395 2810 Ex
436 2746 560 2808 hoe
603 2766 866 2807 numero
895 2767 1030 2808 esse
1061 2745 1273 2830 judico
1316 2749 1506 2827 illud,
1565 2747 1738 2832 quod
1779 2746 2032 2810 inveni-

113 2871 259 2924 mus
287 2848 454 2931 apud
468 2846 851 2908 Suetonium
866 2847 1024 2930 Aug.
1054 2867 1108 2908 e.
1142 2852 1246 2910 70.
1277 2848 1344 2909 in
1374 2869 1636 2910 coenam
1663 2847 2032 2917 δωδεκάθεον,

40 3004 42 3006 ,
121 2952 187 3011 in
213 2969 337 3031 qua
376 2949 644 3008 deorum
688 2947 1076 3028 dearumque
1118 2947 1341 3009 habitu
1384 2949 1769 3012 discubuisse
1814 2948 2035 3010 eonvi-

128 3068 240 3111 vas
296 3057 358 3109 et
408 3049 618 3129 ipsmn
673 3066 792 3127 pro
845 3046 1133 3127 Apolline
1191 3054 1517 3127 ornatum,
1590 3070 1723 3110 non
1777 3047 2037 3107 Antonii

126 3148 319 3208 modo
354 3146 692 3230 epistolae,
735 3146 1134 3227 singulorum
1176 3128 1851 3210 nomina'amarissime
1879 3166 2039 3207 enu-

130 3246 464 3321 merantis,
525 3231 1096 3326 exprobraverant,
1170 3244 1284 3307 sed
1327 3254 1394 3310 et
1436 3247 1571 3310 sine
1615 3254 1872 3309 auctore
1917 3267 2037 3307 no·-

131 3345 355 3406 tissimi
397 3365 653 3406 versus:

223 3446 439 3522 Quum
500 3442 789 3526 primum
863 3443 1136 3506 istorum
1205 3446 1524 3508 conduxit
1594 3466 1823 3506 memet
1886 3444 2040 3507 cho-

1234 3569 1495 3627 rugum,

326 3644 579 3724 Sexque
621 3642 785 3724 deos,
819 3642 980 3705 vidit
1025 3644 1266 3707 Mallia
1280 3690 1303 3723 ‚
1349 3666 1591 3730 sexque
1632 3645 1821 3705 deas:

1505 3747 1582 3806 18
1610 3745 1643 3781 θ
