2236 3932
687 221 774 265 nn
823 221 887 264 ι.
903 217 1120 263 ⁴vAmo
1165 216 1408 260 rom-A.
1727 222 1729 226 ·
1908 202 1992 262 97

93 383 185 426 ex
222 362 363 444 ipsa
385 357 566 421 Varii
587 371 800 419 uxore
825 355 907 418 de
934 355 1055 419 ista
1095 374 1168 416 re
1206 353 1637 434 inaudiverat,
1677 377 1891 440 neque
1919 380 1997 424 ea

92 463 346 546 publice
386 459 482 520 uti
532 458 875 520 erubuerat
939 455 1011 518 in
1058 453 1360 538 Apologia
1374 497 1396 531 ,
1452 463 1624 536 'quae
1666 458 2000 540 Virgilium

95 584 253 626 non
269 551 465 621 modo
508 577 635 638 qua
675 561 963 637 poetam,
1008 555 1121 616 sed
1162 555 1460 616 eumdem
1502 556 1695 616 etiam
1723 578 1849 639 qua
1877 559 2000 621 ho-

95 661 335 721 minem
402 676 442 719 a
507 654 832 717 malevolis
905 653 1465 717 obtrectationibus
1533 660 1747 717 tutum
1816 679 2003 766 prae-

97 765 294 821 staret
304 755 422 837 ⁷⁸)

271 911 435 990 Sed,
505 918 852 994 utcumque
910 933 988 975 ea
1047 933 1149 975 res
1219 911 1381 975 facta
1438 900 1602 992 est,
1645 914 1712 975 id
1764 914 2008 980 nullam

98 1013 294 1077 habet
336 1013 793 1074 dubitationem
837 1012 994 1094 quin
1034 1013 1277 1097 Virgilii
1319 1034 1464 1076 cum
1506 1014 1728 1094 Vario,
1769 1015 2011 1078 Plotiae

102 1114 368 1192 marito,
425 1112 812 1174 familiaritas
857 1113 1227 1193 aequalibus
1274 1111 1464 1174 fuerit
1506 1121 1795 1196 suspecta
1836 1123 1904 1178 et
1941 1115 2015 1177 in

105 1216 347 1278 crimen
402 1213 671 1275 venerit.
773 1210 1073 1295 Virgilius
1129 1212 1425 1273 adulterii
1468 1233 1612 1274 cum
1653 1213 1858 1275 Plotia
1898 1215 2016 1276 ad·-

104 1315 298 1390 missi*
324 1311 648 1373 infamiam
689 1311 996 1388 subierat,
1045 1330 1240 1392 quam
1281 1311 1558 1373 vidimus
1600 1333 1733 1374 non
1772 1319 2017 1377 temere

109 1412 438 1476 confictam
479 1411 706 1485 fuisse3
778 1411 892 1472 sed
935 1416 1186 1470 auctam
1232 1410 1409 1471 illam
1451 1431 1592 1473 esse
1636 1418 1700 1472 et
1741 1432 2019 1498 exagge-

108 1520 315 1576 ratam
370 1512 856 1572 obtrectatorum
909 1507 1388 1588 malevolentia,
1463 1511 1736 1572 dubitari
1774 1513 2021 1594 nequit.

110 1612 208 1675 Ad
263 1612 387 1673 hoc
443 1609 615 1671 enim
666 1606 1047 1691 Virgilianae
1116 1607 1285 1671 vitae
1360 1610 1632 1673 dedecus
1689 1611 2023 1675 referenda

110 1717 265 1796 puto
324 1728 491 1791 quae
549 1707 717 1789 apud
783 1707 1084 1767 Aeneam-
1130 1704 1428 1787 Sylvium
1496 1711 1567 1772 in
1627 1712 1860 1774 Histor.
1941 1713 2024 1774 de

112 1809 389 1890 Euryalo
434 1814 501 1869 et
528 1806 823 1868 Lucretia
862 1829 929 1889 p.
960 1807 1066 1868 32.
1097 1809 1203 1868 ed.
1234 1808 1436 1870 Drud.
1468 1810 1767 1894 legimus:
1809 1811 2027 1887 „Vir-

108 1908 310 1991 gilius
364 1929 482 1993 per
522 1907 771 1991 funem
828 1915 1081 1969 tractus
1136 1910 1230 1968 ad
1282 1909 1567 1987 mediam
1623 1910 1866 1973 turrim
1912 1932 2029 1995 pe·-

106 2006 344 2094 pendae‘t
356 2052 380 2084 ,
456 2008 611 2068 dam
668 2028 736 2068 se
787 2005 1211 2069 mulierculae
1264 2018 1488 2091 ,sperat
1550 2032 1828 2098 usurum
1884 2033 2030 2072 am-

108 2108 486 2196 plexibusf‘
570 2106 798 2169 Varius
844 2114 1059 2168 contra
1098 2095 1170 2168 in
1198 2114 1449 2190 turpem
1477 2110 1670 2194 plagii
1702 2108 2030 2195 cujusdam

121 2216 187 2272 et
245 2211 469 2271 doctae
524 2205 768 2269 fraudis
828 2207 1255 2289 suspicionem
1308 2209 1636 2271 inciderat.
1747 2211 1846 2274 De
1899 2231 2034 2294 ,qua

122 2330 195 2372 re
237 2308 394 2398 quid
435 2306 738 2387 sentiam,
797 2307 1078 2369 breviter
1121 2307 1481 2390 explicabo.

297 2465 543 2546 Atque,
611 2471 685 2525 ut
746 2465 828 2526 ab
890 2463 1014 2526 hoc
1068 2466 1309 2543 ordiar,
1380 2486 1499 2548 per
1556 2485 1628 2529 se
1682 2467 1945 2530 minime
1999 2489 2038 2531 a

128 2586 284 2630 vero
328 2565 605 2626 alienum
648 2571 781 2642 est,
829 2584 867 2625 a
895 2564 1163 2648 Virgilio
1205 2584 1437 2648 poema
1479 2568 1832 2648 quoddam,
1876 2575 2040 2638 tam}-

123 2685 326 2748 quam
367 2666 647 2748 pretium
702 2665 878 2747 quod
920 2665 1148 2726 dicitur
1203 2663 1547 2727 affectionis
1561 2711 1581 2745 ,
1640 2668 1858 2729 datum
1901 2688 2042 2730 esse
2143 2664 2152 2667 χ

130 2766 404 2829 feminae
445 2765 964 2840 litteratissimae,
1011 2765 1089 2826 ab
1121 2784 1356 2847 eaque,
1404 2766 1726 2829 doctrinae
1755 2769 2042 2850 poeticae

133 2867 391 2928 laudem
432 2863 759 2926 affectante
775 2908 795 2941 ,
839 2864 996 2925 illud
1013 2908 1033 2941 ,
1078 2866 1262 2947 quasi
1303 2866 1631 2947 proprium
1676 2888 1866 2950 opus,
1911 2874 2044 2929 tra·

134 2966 339 3028 ditmn
379 2966 604 3028 marito
645 2966 804 3028 item
844 2970 1106 3048 poetae,
1165 2965 1276 3048 qui
1319 2965 1442 3029 hoc
1483 2967 1657 3032 velut
1699 2987 1736 3030 a
1778 2987 1847 3029 se
1888 2966 2047 3029 scri-

284 3224 376 3281 78)
409 3219 520 3273 Hoc
552 3241 711 3287 perspi
699 3225 802 3273 icne
832 3222 984 3272 iintell
987 3224 1116 3289 gitur
1150 3240 1215 3290 ex
1261 3224 1352 3288 iis,
1400 3242 1525 3287 quae
1560 3225 1685 3288 apud
1720 3223 1963 3275 Donatum
1998 3226 2050 3274 in

142 3288 254 3343 vit.
290 3289 494 3357 Virgilii
530 3292 783 3345 c.XV11.
829 3297 987 3358 §.65.
1026 3297 1256 3358 legimus·
1303 3295 1536 3365 „Refem
1581 3300 1666 3346 eti(
1663 3315 1727 3346 cm
1772 3294 2048 3360 Pedmanus

143 3364 425 3428 benignum,
457 3367 616 3415 cultor
589 3385 783 3432 remque
807 3384 914 3415 omn
918 3369 1016 3415 ium
1035 3365 1297 3417 bonorum
1280 3380 1426 3434 cuque
1443 3366 1588 3418 emeda·
1588 3381 1664 3417 tor
1636 3386 1743 3417 um
1748 3370 2046 3436 fuas-ce

145 3438 284 3510 εἰς.
304 3443 419 3487 67.:
467 3437 679 3505 „creQm
710 3456 764 3487 co
766 3456 907 3487 ‹scevo
940 3456 1077 3488 omno
1050 3459 1101 3490 σε
1126 3451 1351 3502 pactast
1335 3444 1408 3489 ita
1443 3439 1702 3506 adjunctos
1734 3438 1929 3503 habuit,
1973 3451 2050 3505 ut,

148 3527 306 3562 cumn
290 3510 419 3557 inm·
466 3527 517 3558 se
559 3508 651 3572 plu
655 3512 779 3556 rimu
781 3527 828 3557 m
878 3509 1053 3566 invida
1016 3530 1067 3561 m
1102 3530 1183 3561 arc
1164 3510 1280 3560 celer
1281 3523 1365 3571 nt,
1419 3512 1507 3559 illu
1511 3529 1557 3558 m
1591 3530 1695 3562 mm
1727 3530 1889 3563 omnes
1923 3512 2052 3562 cole·

134 3591 286 3640 reni,
357 3578 867 3645 Varius,(1‘1‹>tiun)
906 3581 1121 3646 fflcoca,
1170 3582 1455 3647 Horatius,
1511 3579 1812 3650 (Cornelius)
1853 3582 2050 3646 Gallus,

152 3650 499 3715 Ρνορονίίυο.“

229 3736 556 3788 Wncuznr.
591 3735 881 3790 Comnzxr.
1622 3742 1665 3802 7
