2236 3932
287 208 411 269 388

358 363 483 412 male
517 364 633 413 olim
674 383 778 414 cum
816 362 982 414 Cassio
1014 362 1196 415 Severo

358 442 546 484 oratore
567 435 788 484 confusus
815 445 886 475 -ὲ
909 441 1008 486 215
1025 452 1102 497 sq.
1129 464 1190 474 ··-

359 521 464 553 cum
487 504 654 554 Cassio
677 505 896 567 Etrusco,
924 515 1082 568 poeta,
1114 509 1196 568 qui

355 577 649 624 confuderint
668 603 738 613 -—
762 582 865 626 216
882 596 954 639 sq.
982 581 1082 627 249
1095 586 1195 626 not.

350 664 433 695 cur
466 646 553 695 hos
590 656 751 712 poetas
775 665 861 710 pro
885 666 978 696 uno
1004 649 1197 697 eodem-

355 734 449 779 que
491 717 741 767 habuerint
784 744 854 756 -—
891 724 996 769 227
1013 736 1086 782 sq.
1128 749 1194 758 —

356 805 472 849 quas
521 788 581 837 ob
639 805 827 839 caussas
876 789 1197 854 distinguendi

356 861 452 907 sint
485 886 557 895 —
593 865 696 920 228
713 876 817 922 sqq.
869 889 932 898 -
982 864 1064 923 qui
1094 879 1195 911 ¹eos

353 947 440 991 pro
455 930 653 979 diversis
665 931 1192 995 habuerint—217sq.

355 1002 468 1050 coll.
512 1007 630 1050 212.
671 1006 772 1052 374
809 1005 860 1051 in
893 1001 1120 1053 Addend.

286 1067 479 1130 Cassius
517 1071 753 1134 Severus,
792 1085 949 1123 orator
982 1102 1054 1110 --
1091 1081 1195 1126 190
1232 1073 1235 1077 ’

353 1160 459 1206 sqq.
499 1171 560 1181 -
605 1145 790 1205 quando
832 1154 968 1195 natus
1013 1148 1077 1195 sit
1124 1171 1193 1182 ·—-

356 1220 476 1266 203.
498 1243 569 1253 -·
603 1215 664 1264 de
690 1218 805 1265 urbe
830 1219 934 1266 eius
958 1218 1101 1266 natali
1122 1242 1194 1254 —··

355 1292 453 1337 191
475 1303 547 1348 sq.
570 1315 640 1326 --
675 1287 736 1336 de
764 1290 866 1337 eius
894 1291 1194 1350 praenomine

357 1363 457 1408 190
473 1375 547 1420 sq.
587 1386 647 1395 --
695 1359 881 1420 quando
913 1362 1090 1409 vixerit
1124 1389 1191 1397 ··-

354 1436 380 1480 1
391 1434 454 1479 92
469 1446 542 1492 sq.
556 1456 627 1466 —-
644 1431 748 1492 ejus
761 1433 1021 1494 ingenium,
1036 1448 1193 1480 mores

309 1527 312 1530 ·
351 1509 401 1548 et
425 1503 655 1550 oratoriae
681 1503 879 1551 virtutes
905 1530 966 1540 —-
998 1508 1097 1553 193
1114 1520 1187 1565 sq.

352 1570 1189 1636 196.199.203sq.210sq.322

351 1661 425 1705 sq.
451 1671 509 1679 -
540 1642 785 1693 Plutarchi
813 1644 872 1693 de
901 1662 958 1694 eo
984 1647 1188 1694 narratio

347 1725 419 1750 —-'-
465 1720 587 1765 201.
630 1740 709 1752 =--
771 1715 1031 1765 dicacitatis
1079 1719 1185 1778 ejus

347 1787 612 1834 testimonia
638 1811 707 1822 —
733 1790 834 1836 194
847 1805 953 1849 sqq.
979 1816 1049 1826 —-
1074 1787 1183 1836 libi-

344 1857 456 1916 dine
502 1857 750 1906 accusandi
796 1858 963 1907 ductus
1008 1859 1183 1908 multos

342 1930 391 1976 in
418 1928 643 1989 judicium
665 1931 850 1978 vocavit
875 1955 945 1966 —-
973 1936 1092 1981 196.
1111 1957 1182 1967 —-

343 2017 467 2063 prae
493 2002 660 2048 ceteris
686 2000 948 2050 celebratur
971 2004 1075 2063 ejus
1103 2019 1181 2051 ac-

343 2072 523 2120 cusatio
550 2069 608 2120 G.
635 2068 777 2121 Nonii
802 2070 1088 2135 Asprenatis
1110 2101 1181 2111 —-—

346 2147 448 2193 197
459 2159 565 2209 sqq.
583 2161 656 2179 -—
678 2143 863 2206 quando
889 2145 1025 2192 illum
1045 2160 1180 2202 accu-

342 2216 517 2264 saverit
543 2227 607 2250 —'—
641 2216 760 2265 198.
789 2241 860 2250 —-
895 2218 1180 2278 conjunctis-

342 2287 464 2334 sime
511 2286 634 2334 vixit
683 2299 789 2335 cum
835 2284 894 2336 T.
945 2285 1176 2350 Labieno,

341 2366 527 2405 oratore
562 2365 611 2406 et
637 2355 862 2406 historico
886 2384 954 2394 -
984 2359 1084 2408 322
1102 2376 1175 2421 sq.

295 2459 298 2460 ν
344 2447 405 2465 ...
445 2428 602 2477 effecit
622 2445 706 2477 sua
728 2429 925 2477 libidine
940 2468 954 2490 ,
991 2428 1046 2478 ut
1069 2427 1175 2478 Au-

337 2508 508 2562 gustus
548 2502 862 2562 ccgnitionem
897 2501 955 2549 de
978 2502 1174 2550 famosis

336 2571 516 2620 libellis
561 2573 831 2620 institueret
869 2595 940 2609 ——
984 2579 1079 2622 199
1098 2589 1171 2634 sq.

340 2670 403 2680 —
442 2645 547 2704 ejus
583 2645 751 2705 scripta
787 2643 961 2692 abolita
997 2652 1044 2692 et
1070 2646 1173 2705 ipse

335 2714 451 2762 urbe
485 2713 649 2762 abesse
683 2717 840 2776 jussus
878 2741 944 2751 —
978 2721 1080 2765 200
1097 2732 1168 2776 sq.

334 2811 404 2822 -—
440 2784 624 2847 quando
656 2782 746 2834 hoc
782 2787 956 2835 factum
1003 2788 1066 2836 sit
1105 2814 1167 2824 -

336 2861 434 2906 201
458 2874 532 2918 sq.
569 2882 638 2892 --
689 2876 782 2918 quo
815 2860 992 2906 missus
1024 2859 1087 2908 sit
1122 2859 1171 2905 in

332 2929 535 2976 exilium
569 2953 639 2964 --
679 2933 776 2979 201
797 2946 870 2991 sq.
901 2955 961 2963 —-
1003 2929 1084 2977 ubi
1123 2938 1171 2977 et

333 2999 516 3060 quando
544 2999 712 3048 obierit
738 3025 808 3035 —-
832 2998 952 3050 ibid.
980 3026 1050 3034 —-
1075 3017 1166 3062 quo

330 3086 451 3118 anno
487 3071 654 3119 aetatis
694 3071 888 3135 obierit,
941 3074 1168 3119 incertum

329 3161 401 3176 ό-
427 3147 547 3191 203.
579 3169 642 3178 —-
681 3155 802 3203 quae
836 3144 1075 3204 scripserit
1101 3170 1163 3179 —-

332 3216 451 3261 192.
505 3218 608 3274 204
635 3229 741 3275 sqq.
792 3241 854 3250 —-
905 3215 1166 3276 fragmenta

328 3285 591 3332 oratiomun
627 3308 693 3320 —-
728 3290 829 3334 194
843 3300 915 3346 sq.
946 3311 1017 3321 —-
1045 3301 1164 3346 opus

327 3353 388 3401 de
399 3353 627 3417 Aegypto
647 3355 706 3403 ad
717 3352 960 3403 Tiberium
975 3376 1042 3391 ·—-
1060 3359 1163 3404 204

327 3437 398 3486 sq.
429 3452 490 3461 —-
517 3426 687 3474 libello
711 3423 1032 3475 Maecenatem
1057 3444 1164 3488 per-

326 3496 574 3544 strinxisse
586 3497 776 3545 videtur
799 3524 870 3535 -ὰ-
888 3504 987 3547 205
1002 3510 1074 3559 sq'.
1095 3525 1156 3533 —-

324 3566 490 3614 libello
542 3570 730 3617 satirico
755 3571 965 3631 ·gentem
988 3567 1159 3616 Vitel-

1049 230 1422 272 INDEX

1329 383 1402 428 sq.
1454 372 1575 416 207.
1610 391 1678 405 -·
1732 369 1824 422 alia
1872 385 2020 432 pauca
2062 371 2168 420 'fra-

1329 447 1517 500 gmenta
1561 464 1632 474 —
1681 445 1782 488 206
1810 457 1886 502 sq.
1940 453 2007 478 ·—'-
2056 459 2170 489 num

1329 507 1552 557 historias
1569 511 1826 573 scripserit,
1854 513 2082 559 incertum
2101 541 2165 550 —-

1331 585 1453 630 207.
1486 605 1552 615 --
1588 595 1700 628 num
1727 583 1933 629 carmina
1969 585 2168 644 scripse-

1329 651 1394 698 rit
1423 668 1495 686 —⁴-
1533 655 1633 702 208
1654 669 1754 713 sqq.
1799 657 1896 701 211
1931 666 2003 713 sq.
2045 658 2166 703 214.

1330 723 1452 770 274.
1497 749 1568 759 --
1620 724 1842 773 confusus
1893 725 2007 772 olim
2060 733 2167 773 cum

1331 789 1502 841 Cassio
1551 789 1797 843 Parmensi
1845 821 1914 831 —
1963 797 2066 844 215
2090 814 2165 856 sq.

1330 866 1452 914 274.
1478 882 1549 900 ··—
1583 865 1642 911 ab
1664 863 1868 913 Horatio
1894 864 2049 927 Epod.
2066 865 2162 915 VI.

1327 934 1567 983 traductus
1594 940 1695 984 208
1715 953 1822 997 sqq.
1853 939 1955 986 374
1983 939 2033 984 in
2058 934 2166 986 Ad-

1327 1004 1469 1054 dend.
1486 1031 1558 1041 —-
1573 1005 1886 1067 fragmentum
1913 1008 2037 1068 apud
2062 1007 2165 1056 Pri-

1327 1078 1471 1139 scian.
1516 1078 1692 1125 rectius
1729 1074 1893 1125 Cassio
1929 1077 2164 1128 Heminae

1328 1148 1549 1195 tribuitur
1586 1174 1658 1183 -—
1689 1152 1810 1196 206.
1852 1175 1914 1185 —
1966 1150 2165 1198 libertus

1329 1214 1758 1280 Cassii’cujusdam
1792 1219 1943 1268 fuisse
1980 1220 2165 1269 videtur

1326 1287 1603 1338 Drumanno
1637 1316 1710 1326 —
1746 1294 1849 1340 374
1881 1292 1931 1338 in
1965 1289 2097 1339 Add.

1257 1357 1454 1408 Cassius
1502 1359 1740 1423 Severus,
1786 1359 1954 1426 Titus,
2004 1361 2163 1412 Vero·-

1324 1434 1483 1480 nensis
1501 1467 1516 1495 ,
1585 1430 1886 1481 historiarum
1942 1435 2159 1501 scriptor,

1324 1520 1466 1564 quem
1490 1504 1732 1552 exstitisse
1747 1501 1992 1568 Maffejus,
2019 1507 2160 1554 nixus

1322 1576 1537 1624 maxime
1584 1572 1729 1622 Plinii
1777 1574 1909 1638 loco,
1960 1577 2159 1638 probare

1323 1645 1536 1706 studuit,
1597 1662 1712 1693 num
1763 1663 1967 1708 unquam
2015 1648 2159 1696 fuerit

1318 1718 1424 1778 jure
1462 1712 1802 1765 dubitatur—
1843 1724 1939 1768 181
1960 1736 2064 1780 sqq.

1249 1783 1465 1850 Cassius,
1502 1787 1655 1836 Titus.
1706 1787 1827 1849 Ejus
1844 1806 2014 1837 nomen
2033 1787 2156 1852 apud

1317 1856 1524 1907 Plinium
1547 1859 1685 1909 valde
1706 1868 2059 1910 controversum
2089 1889 2151 1898 —-

1244 1997 1532 2065 Gatagouius
1560 2002 1684 2064 apud
1704 2000 1867 2053 Schol.
1886 1999 2026 2053 Statii
2050 2021 2154 2054 cor-

1312 2083 1503 2134 ruptum
1538 2091 1606 2110 -·-
1645 2080 1747 2124 296
1766 2084 1864 2123 not.

1242 2138 1445 2193 Catilius
1482 2141 1719 2207 Severus,
1764 2147 1941 2194 amicus
1985 2144 2147 2203 Plinii,

1312 2216 1371 2264 ad
1398 2233 1538 2277 quem
1562 2217 1741 2276 aliquot
1767 2218 1989 2276 epistolas
2017 2214 2149 2263 dedit

1311 2284 1497 2334 Plinius
1533 2309 1599 2324 ··-—
1640 2293 1755 2337 189.
1784 2304 1854 2322 -’-
1893 2285 1973 2332 ubi
2009 2295 2145 2335 uatus

1309 2359 1481 2419 suerit,
1529 2360 1763 2406 nescimus
1806 2383 1863 2394 -ο
1917 2361 2036 2406 190.
2079 2385 2139 2395 -

1309 2446 1337 2478 a
1375 2427 1529 2477 Plinio
1574 2427 1712 2477 modo
1760 2424 1958 2475 Catilius
2005 2428 2143 2476 modo

1309 2498 1518 2550 Severus
1563 2499 1840 2561 simpliciter
1875 2500 2144 2561 appellatur

1237 2639 1482 2705 Catullus,
1518 2660 1608 2704 quo
1627 2658 1754 2690 ¹amno
1785 2650 1920 2690 natus
1962 2668 2020 2677 -
2054 2647 2139 2691 20.

1305 2717 1466 2777 magni
1493 2714 1604 2763 fecit
1627 2710 1854 2761 Asinium
1879 2711 2140 2761 Pollionem

1303 2806 1376 2824 -”-
1422 2789 1507 2834 24.
1553 2803 1625 2820 -·-
1686 2784 1931 2833 familiaris
1977 2783 2140 2832 Helvii

1304 2853 1479 2904 Cinnae
1508 2864 1557 2903 et
1583 2853 1653 2904 L.
1671 2852 1813 2903 Varii
1853 2883 1913 2891 -
1954 2861 2040 2904 23.
2068 2881 2139 2914 g—

1300 2942 1393 2975 non
1417 2928 1618 2975 innotuit
1646 2928 1690 2974 ei
1706 2924 1945 2988 Virgilius
1972 2947 2031 2961 -—·-
2052 2930 2138 2976 24.

1303 3027 1366 3035 —
1396 3000 1635 3058 inscripsit
1662 3013 1847 3047 carmen
1865 2994 1935 3044 X.
1958 2996 2018 3044 L.
2037 2995 2139 3047 Va-

1299 3071 1371 3118 rio
1402 3098 1468 3107 —
1505 3071 1569 3118 15
1586 3086 1690 3130 sqq.
1719 3074 1837 3117 121.
1856 3096 1928 3104 —-
1954 3069 2137 3130 qnando

1301 3142 1468 3189 obierit
1505 3169 1570 3178 —-
1605 3143 1688 3189 24.
1723 3160 1795 3176 -ὲ-
1828 3140 1876 3186 in
1905 3143 2007 3201 ejus
2037 3158 2137 3187 car-

1296 3213 1424 3259 mine
1438 3209 1614 3260 XXII.
1636 3207 1798 3259 Varus
1826 3218 1932 3259 etc.
1951 3209 2132 3260 XXX.

1295 3280 1557 3344 Alphenus
1572 3293 1665 3330 non
1683 3282 1742 3329 de
1758 3282 1924 3331 eodem
1945 3280 2134 3330 homine

1297 3354 1500 3416 intellig.
1544 3380 1605 3389 -—-
1650 3359 1767 3402 121.
2182 3407 2186 3411 .

1228 3423 1412 3474 Celeris
1440 3433 1487 3473 et
1502 3425 1676 3472 veteris
1703 3424 1895 3471 cmifusa
1912 3451 1982 3461 -—
2011 3429 2131 3472 111.
2185 3424 2191 3440 ²

1226 3494 1397 3546 Celsus
1434 3503 1573 3556 poeta
1609 3495 1669 3543 ab
1697 3493 1906 3543 ‘Horatio
1949 3493 2133 3543 derisus

1297 3573 1362 3604 4-
1402 3572 1562 3628 sasq.

323 3637 440 3685 liam
461 3636 1035 3689 videtur‘traduxiss'e—
1055 3645 1153 3689 185
1202 3635 1675 3701 Ἰ[ΟΜ-Ὑί·ἐει-τειειχιῐεῖ·
1689 3631 2067 3698 frequentissime
2105 3653 2133 3683 a
