2236 3932
814 157 1140 207 Excuusus
1186 162 1231 201 1.
1856 143 1981 205 313

98 316 234 359 sam
285 296 445 359 mihi
498 298 717 360 videor
771 295 1259 387 deprehendisse
1314 297 1498 360 valde
1562 298 1975 379 probabilem.

97 395 336 458 Nonius
365 398 604 478 aliquot
628 397 806 458 annis
831 404 975 458 ante
990 396 1275 460 veneficii
1303 417 1604 475 caussam,
1648 407 1978 462 accusante

99 494 315 556 Cassio
357 494 595 558 Severo
606 540 628 574 ‚
699 496 951 557 dixerat
991 502 1057 557 et
1097 497 1317 577 procul
1361 497 1552 558 dubio
1607 502 1742 556 tum
1782 497 1982 558 Asinii

98 593 397 657 Pollionis
438 594 801 656 defensione
843 602 978 656 tum
1018 594 1281 677 Augusti
1323 596 1690 658 auctoritate
1731 598 1979 658 absolu-

99 699 198 754 tus
252 693 476 755 fuerat.
590 692 814 774 Itaque
864 694 1020 755 mihi
1076 695 1327 756 videtur
1382 696 1460 756 ad
1515 695 1674 756 illud
1714 696 1984 776 patroci-

97 792 276 852 nium
331 794 635 853 adductus
691 793 889 856 fuisse
943 799 1054 855 aut
1110 794 1384 854 criminis
1446 794 1627 855 istius
1681 797 1986 878 gravitate

98 897 206 951 aut
258 891 487 972 pietate
557 894 857 955 adversus
925 892 1253 954 Moschum
1266 934 1286 969 ‚
1356 914 1483 974 quo
1556 893 1821 956 fortasse
1887 896 1986 956 di-

99 991 280 1050 cendi
336 992 632 1075 magistro
675 1013 826 1054 usus
877 991 1117 1053 fuisset.
1201 992 1356 1052 Inde
1400 993 1584 1053 simul
1612 1001 1828 1076 patet,
1873 1016 1987 1057 cur

96 1088 392 1152 Horatius
461 1092 530 1151 in
585 1090 726 1152 Oda
780 1097 925 1173 post
977 1091 1320 1174 Epistolam
1390 1092 1615 1172 scripta
1677 1093 1988 1175 Torquati

87 1187 399 1270 pietatem
439 1192 806 1255 laudaverit.
909 1190 1149 1253 Verum
1162 1235 1186 1267 ,
1244 1211 1328 1252 ne
1368 1191 1663 1251 hariolari
1703 1192 1989 1276 ingenio-

100 1309 226 1368 que
278 1291 499 1352 ludere
554 1312 812 1375 arguar,
874 1289 1206 1368 confiteor,
1268 1290 1428 1351 mihi
1483 1290 1685 1352 videri
1717 1292 1988 1374 pietatis

99 1389 477 1451 vocabulum
515 1391 582 1451 h.
611 1391 657 1451 l.
700 1391 880 1453 latius
921 1398 1135 1473 patere
1162 1391 1395 1472 pariter
1429 1409 1501 1450 ac
1523 1411 1731 1467 genus
1746 1436 1767 1469 ,
1813 1394 1986 1473 quod

101 1493 167 1546 et
218 1488 426 1569 ipsum
479 1491 547 1550 in
597 1511 675 1552 eo
728 1492 1052 1568 laudatur,
1121 1491 1267 1551 licet
1328 1490 1570 1570 primus
1623 1490 1990 1552 Nouiorum

99 1586 355 1647 demum
399 1587 608 1650 Sullae
658 1596 723 1650 et
764 1591 944 1652 Marii
986 1589 1375 1671 temporibus
1416 1589 1778 1651 inclaruerit
1794 1634 1814 1667 ,
1876 1611 1991 1652 au-

99 1691 276 1748 ctore
331 1686 667 1749 Plutarcho
720 1690 790 1750 in
845 1690 974 1751 Vit.
1034 1690 1218 1750 Marii
1274 1709 1327 1750 c.
1371 1689 1474 1750 29.
1570 1688 1883 1770 Equidem
1923 1691 2019 1750 in.

98 1784 213 1847 illo
254 1787 499 1848 Horatii
550 1809 736 1850 versu
791 1789 947 1850 nihil
997 1789 1253 1852 invenio
1295 1789 1419 1849 nisi
1462 1790 1840 1851 sententiam
1881 1810 1993 1874 ge-

98 1886 382 1948 neralem
423 1888 596 1948 nulla
638 1888 944 1970 Torquati
988 1886 1248 1973 ejusque
1290 1889 1593 1952 virtutum
1635 1888 1862 1966 habita
1889 1910 1994 1950 ra·-

101 1986 273 2047 tione
313 1988 542 2048 elatam
555 2031 576 2064 ‚
622 2008 746 2068 qua
787 1989 1026 2050 nemini
1055 1988 1419 2050 mortalium
1453 2008 1659 2070 neque
1689 1990 1994 2052 natalium

102 2085 438 2166 splendore
487 2106 697 2169 neque
750 2088 988 2171 ingenii
1045 2089 1361 2170 animique
1415 2089 1596 2149 bonis
1655 2108 1742 2150 ex
1781 2087 1996 2150 inferis

99 2185 339 2247 reditus
378 2186 449 2247 in
489 2187 687 2250 vitam
727 2195 1006 2270 paretur.
1098 2187 1251 2251 Sive
1292 2188 1486 2271 igitur
1515 2187 1702 2250 Nonii
1731 2194 1997 2250 aetatem

101 2291 455 2365 spectamus
497 2287 631 2350 sive
671 2289 1191 2350 necessitudinem
1203 2332 1223 2365 ‚
1282 2309 1472 2370 quam
1516 2288 1855 2351 verisimile
1898 2294 1995 2350 est

102 2383 165 2443 ei
206 2404 353 2447 cum
378 2385 572 2448 Poeta
610 2387 1066 2466 intercessisse,
1109 2388 1268 2448 nihil
1310 2388 1608 2465 occurrit,
1653 2389 1824 2470 quod
1868 2388 1998 2448 dis-

103 2485 393 2563 suadeat,
435 2492 505 2546 ut
529 2505 610 2547 ne
646 2486 969 2570 Torquati
991 2488 1250 2549 nomine
1275 2486 1544 2548 Nonium
1562 2487 1742 2548 illum
1765 2486 1999 2570 Aspre÷

103 2590 318 2645 uatem
375 2584 707 2668 significari
764 2606 1148 2649 censeamus.
1246 2587 1536 2668 Denique
1552 2631 1573 2664 ‚
1633 2589 1807 2669 quod
1852 2609 1998 2650 mea

104 2682 365 2764 quidem
405 2683 703 2765 opinione
743 2686 1032 2769 inprimis
1069 2693 1469 2748 momentum
1510 2685 1628 2765 hac
1669 2686 1740 2748 in
1783 2708 1999 2749 caussa

102 2781 288 2861 facit,
344 2784 505 2850 illud
547 2791 676 2863 est,
733 2788 904 2867 quod
947 2787 1243 2848 Horatius
1288 2787 1682 2868 Torquatum
1734 2788 1803 2848 in
1844 2787 1999 2869 Epi-

106 2882 270 2943 stola
311 2883 393 2943 ad
436 2904 700 2947 coenam
761 2887 977 2950 invitat
1033 2885 1337 2971 frugalem
1379 2886 1670 2968 quidem,
1744 2888 1856 2949 sed
1897 2887 1998 2951 hi-

105 2980 307 3044 larem
348 2989 411 3045 et
451 2985 794 3068 genialem,
837 2986 959 3048 hoc
1000 3008 1150 3048 usus
1193 2992 1560 3071 argumento
1603 3008 1667 3050 v.
1699 2988 1797 3048 {Lx

593 3079 755 3148 Cras
795 3095 956 3147 nato
1007 3087 1285 3149 Caesare
1308 3086 1537 3168 festus
1985 3090 1995 3125 ⁸

191 3182 332 3242 Dat
371 3182 630 3245 vem’am
670 3206 1089 3268 somnumque
1134 3184 1272 3248 dies
1287 3209 1308 3247 .-
1365 3184 1635 3268 impune
1677 3183 1888 3246 licebit

194 3280 539 3344 Aestivam
579 3306 870 3347 sermone
910 3284 1180 3365 benigno
1220 3287 1482 3347 tendere
1510 3294 1759 3345 noctem
1775 3308 1798 3346 ε

112 3401 241 3461 quo
283 3381 349 3442 in
391 3382 532 3445 loco
576 3385 656 3445 de
698 3404 1100 3466 quocumque
1148 3386 1426 3448 Caesare
1469 3385 1703 3467 cogites
1718 3427 1738 3462 ,
1795 3382 2000 3446 faten-

111 3481 265 3540 dum
332 3481 488 3559 erit,
563 3484 883 3545 neminem
950 3483 1366 3564 Manliorum,
1444 3486 1524 3545 ad
1597 3504 1756 3565 quos
1812 3486 2002 3570 vulgo

111 3579 409 3644 Horatius
452 3581 770 3666 scripsisse
813 3589 1099 3667 putatur,
1155 3585 1277 3650 hoc
1318 3589 1688 3669 argumento
1727 3585 2003 3669 potuisse
