2236 3932
199 160 283 218 30
793 177 874 216 DE
921 179 978 216 1..
1007 178 1211 218 VAmo
1257 143 1494 218 POETA·

197 311 307 372 1110
350 315 636 391 tempore
681 311 928 392 scriptis
971 311 1219 393 Eclogis
1260 331 1497 373 nomen
1539 318 1601 373 et
1640 311 1895 373 laudem
1935 313 2086 372 ade-

196 416 343 491 ptus
410 408 634 471 fuisset
650 453 670 487 ,
738 412 879 491 quis
936 432 1067 471 non
1122 409 1470 488 permirum
1526 412 1726 487 dicat,
1789 411 1950 471 nihil
2007 411 2087 470 de

199 510 293 569 eis
337 509 705 569 adnotatum
748 530 886 570 esse
916 511 992 570 ab
1023 508 1158 568 istis
1189 505 1839 571 Commentatoribus?
1882 508 2090 568 Etiam

201 609 281 668 de
326 606 561 668 Cinnae
589 608 836 690 Eclogis
880 607 1106 667 tacent.
1192 605 1424 667 Neuter
1461 608 1651 691 igitur
1691 609 1760 669 in
1790 608 1912 669 hoc
1955 626 2091 668 car-

199 706 445 766 minum
487 727 720 788 genere
761 706 997 787 ingenii
1037 706 1206 766 vires
1236 705 1619 786 periclitatus
1651 729 1790 768 esse
1817 707 2090 782 videtur,

201 805 291 865 ita
333 811 404 864 ut
445 805 737 887 Virgilius
783 804 953 866 salva
983 804 1293 864 modestia
1335 805 1608 867 scribere
1633 812 1847 889 posset
1876 805 2092 888 Eclog.

202 903 306 964 VI.
351 925 409 965 V.
451 904 506 962 l.
829 906 842 916 ”

287 1000 514 1063 Prima
557 1000 896 1082 Syracosio
939 999 1219 1078 dignata
1261 1012 1355 1063 est
1395 1004 1612 1064 ludere
1651 1027 1842 1066 versu

289 1101 568 1173 Nostra,
613 1122 814 1182 neque
855 1099 1112 1160 erubuit
1154 1099 1358 1162 silvas
1399 1103 1697 1164 habitare
1745 1102 2010 1166 Thalia.

203 1200 362 1261 Nam
379 1242 398 1275 ,
446 1198 691 1260 etiamsi
717 1199 887 1259 1111110
915 1200 1124 1260 locum
1157 1193 1301 1260 cum
1326 1199 1386 1263 J.
1414 1202 1494 1262 H.
1525 1202 1746 1264 Vossio
1788 1204 1877 1263 ita
1899 1203 2100 1263 inter-

205 1304 549 1380 pretemur,
579 1303 653 1362 ut
683 1319 746 1360 v.
763 1297 983 1380 prima
1007 1299 1328 1361 indefinite
1345 1301 1583 1362 dictum
1607 1302 1978 1383 accipiamus
1990 1301 2100 1381 2¹*);

206 1404 424 1465 tamen
467 1396 733 1476 quilibet
774 1397 1114 1474 fatebitur,
1159 1419 1293 1459 non
1319 1400 1600 1480 potuisse
1643 1421 1700 1462 a.
1726 1401 1800 1463 U.
1831 1400 1899 1461 C.
1930 1397 2102 1478 715„

209 1517 335 1578 quo
380 1515 547 1556 311110
590 1495 821 1579 Ecloga
854 1495 965 1556 VI.
1011 1498 1351 1577 composita
1393 1507 1522 1576 est,
1582 1520 1619 1561 a
1661 1501 1917 1583 Virgilio
1962 1499 2104 1577 dici,

212 1615 391 1655 suam
424 1595 715 1655 Thaliam
757 1595 1034 1675 primum
1062 1594 1397 1673 Syracusio
1425 1620 1616 1660 versu
1641 1600 1863 1660 ludere
1891 1619 2106 1659 ausam

211 1715 386 1770 esse,
433 1693 486 1752 si
531 1694 756 1753 Varius
806 1700 868 1754 et
912 1693 1110 1754 Cinna
1151 1691 1278 1776 jam
1322 1717 1487 1757 anno
1530 1698 1605 1759 U.
1639 1698 1708 1758 C.
1752 1700 1897 1758 714.
1911 1743 1930 1775 ,
1978 1719 2104 1779 quo

212 1813 380 1855 anno
427 1792 718 1877 scriptam
762 1813 902 1854 esse
944 1793 1218 1854 vidimus
1260 1795 1558 1878 Eclogam
1583 1798 1728 1873 lX.,
1771 1803 2010 1857 tantam
2041 1797 2110 1858 in

210 1892 498 1954 bucolica
551 1892 741 1972 poesi
785 1893 1108 1954 consecuti
1161 1892 1427 1955 fuissent
1483 1896 1776 1977 gloriam,
1847 1903 1917 1957 ut
1969 1897 2110 1958 Vir-

212 1993 397 2075 gilius
443 1989 760 2051 diffideret
802 1992 1078 2052 scribere
1123 2013 1191 2053 se
1234 2015 1420 2074 posse
1462 1993 1758 2078 EclogaS,
1811 1996 1999 2058 Vario
2049 2002 2111 2057 et

217 2091 417 2158 Cinna
474 2090 711 2172 dignaS.
809 2089 1025 2171 Neque
1080 2092 1207 2153 huc
1262 2094 1585 2154 retulerim
1626 2097 1820 2156 verba
1860 2092 2114 2178 Apuleji

217 2190 297 2250 de
358 2188 656 2272 Orthogr.
713 2197 764 2262 §.
809 2186 914 2249 58.
970 2191 1277 2265 „Varius
1339 2191 1585 2255 Cinnae
1640 2194 2114 2255 contubernalis

218 2289 294 2350 in
334 2288 548 2371 primo
588 2298 881 2370 poemate
892 2294 939 2348 :‘
944 2295 966 2325 ‘
1023 2291 1135 2350 ubi
1195 2293 1275 2352 de
1321 2292 1673 2352 minoribus
1716 2293 2116 2376 cogitandum

173 2444 175 2446 ,
220 2389 496 2450 arbitror
538 2388 845 2470 poematis
858 2431 877 2463 ,
937 2390 1166 2469 quibus
1210 2391 1467 2451 Varium
1521 2388 1821 2472 juvenem
1861 2413 2118 2455 vacasse

222 2494 288 2549 et
343 2487 723 2548 sublimioris
779 2487 1034 2568 spiritus
1090 2490 1472 2550 carminibus
1527 2492 1898 2572 praelusisse
1948 2492 2119 2555 veri-

223 2587 426 2648 simile
470 2593 586 2648 est.

395 2686 568 2747 Haec
626 2707 823 2767 quum
879 2707 1128 2748 mecum
1181 2695 1405 2770 reputo
1422 2733 1442 2766 ,
1513 2689 1583 2750 in
1639 2710 1778 2750 eam
1805 2742 1821 2757 .
1845 2691 2121 2752 deducor

227 2785 605 2847 sententiam
619 2829 639 2863 ,
701 2792 775 2845 ut
817 2787 1073 2847 Varium
1130 2787 1199 2847 in
1239 2789 1414 2869 poesi
1455 2790 1741 2850 bucolica
1783 2790 2124 2871 quidquam

229 2884 543 2965 scripsisse
586 2885 880 2945 audacter
906 2907 1151 2969 negem.
1237 2887 1321 2947 Et
1353 2889 1490 2969 quis
1514 2910 1646 2949 non
1675 2889 1851 2950 videt
1878 2899 2124 2949 utrum-

230 3004 356 3064 que
397 2983 578 3043 illum
619 2989 906 3064 poetam,
966 2985 1222 3046 Varium
1265 2994 1330 3048 et
1373 2986 1663 3064 Cinnam,
1739 3008 2126 3049 commemo-

232 3088 439 3142 ratum
497 3102 632 3143 esse
688 3103 725 3143 a
780 3083 1067 3167 Virgilio,
1137 3107 1268 3147 non
1330 3108 1455 3169 quo
1498 3108 1639 3148 suas
1679 3086 1939 3171 Eclogas
1982 3107 2127 3147 cum

235 3180 515 3243 Varianis
557 3186 623 3242 et
666 3180 960 3244 Cinnanis
1004 3187 1450 3266 contenderet,
1511 3188 1622 3249 sed
1664 3192 1766 3267 ut,
1827 3192 2128 3269 quantum

384 3384 473 3440 24)
512 3379 746 3431 Similiter
778 3380 1022 3446 Virgilius
1058 3382 1238 3450 Georg.
1275 3385 1413 3436 Libr.
1442 3385 1535 3437 ΙΙΙ.
1570 3405 1618 3436 v.
1647 3393 1729 3437 10.

438 3452 637 3502 Primus
670 3452 936 3503 Idumaeas
969 3457 1194 3522 referam
1227 3458 1315 3507 tibi
1328 3497 1343 3519 ,
1383 3459 1606 3508 Mantua
1622 3495 1639 3518 ,
1666 3457 1882 3520 palmas.

242 3523 404 3584 ibique
450 3522 497 3571 J.
535 3523 602 3573 H.
652 3524 861 3575 Vossius
914 3544 964 3588 p.
1004 3534 1124 3579 520.
1224 3528 1302 3579 Cf.
1354 3529 1573 3581 Prolusio
1608 3530 1649 3580 1.
1700 3528 1763 3578 de
1811 3528 1872 3598 (J.
1921 3525 2132 3576 Horatii

243 3593 420 3644 Flacci
451 3593 692 3659 Epistolis
725 3601 763 3658 §.
792 3601 842 3648 4.
881 3595 944 3649 Ν.
975 3604 1025 3650 7.
