2236 3932
240 142 363 202 190
817 160 897 201 nr:
945 161 1168 202 cAss1o
1214 162 1578 203 rAmuENsx.

234 318 373 359 esse
416 302 592 379 puto.
679 294 823 359 Jam
863 299 1015 359 licet
1054 297 1282 358 multas
1325 298 1404 358 ad
1447 318 1595 358 eum
1623 299 1864 359 dederit
1894 299 2135 381 episto-

234 399 325 459 las
368 398 604 458 Plinius
623 441 643 475 ‚
702 403 917 457 tamen
958 397 1025 455 in
1066 388 1242 455 nulla·
1280 396 1386 458 vel
1425 403 1615 458 tenue
1653 398 1925 459 occurrit
1965 399 2132 459 indi-

234 498 404 559 cium
420 541 439 574 ,
500 517 628 578 quo
644 540 665 573 ,
733 492 950 578 cujatis
991 495 1095 555 ille
1138 494 1359 572 fuerit,
1418 497 1822 580 intelligatur.
1923 497 2133 559 Gieri-

235 598 371 680 gius
439 597 694 677 quidem
762 595 842 653 ad
897 592 1079 653 Libri
1120 593 1172 653 I.
1230 593 1429 674 Epist.
1471 598 1574 656 22.
1648 616 1797 657 eum
1861 597 2136 677 appellat

234 697 660 758 Veronensem
678 737 697 769 ‚
740 692 982 753 scilicet
1024 694 1323 773 deceptus
1365 696 1687 756 mentione
1715 695 1990 757 Cornelii
2014 695 2136 757 Ne-

236 796 402 877 potis
416 838 436 870 ,
490 792 825 873 municipis
870 789 1025 875 ejus.
1111 791 1355 852 Verum
1396 794 1567 854 enim
1607 813 1760 856 vero
1804 801 1911 855 aut
1942 795 2137 857 vehe-

239 899 492 955 menter
532 890 714 951 fanr
728 936 749 968 ,
794 897 904 951 aut
947 890 1205 951 Catilius
1249 890 1526 954 Severus
1587 894 1693 955 ille
1751 895 1804 955 si
1845 894 2136 956 Veronae

233 999 413 1053 natus
456 989 680 1051 fuisset
693 1033 712 1063 ‚
770 989 1010 1051 Plinius
1063 1011 1196 1051 non
1247 991 1652 1074 municipum
1691 1003 1982 1069 tuorum,
2027 994 2138 1054 sed

234 1101 612 1154 nostrorum
654 1090 1023 1171 scripsisset.
1112 1089 1272 1150 Cum
1296 1090 1769 1154 Veronensibus
1811 1094 1982 1155 enim
2008 1093 2139 1152 Pli-

231 1191 342 1251 nio
387 1190 441 1250 si
494 1210 628 1251 non
681 1190 1010 1271 municipii
1067 1190 1424 1251 communio
1441 1235 1461 1268 ,
1517 1197 1687 1253 certe
1729 1213 1952 1275 magna
1995 1191 2138 1253 offi-

235 1289 480 1350 ciorum
506 1290 902 1350 necessitudo
926 1289 1296 1366 intercessit,
1341 1295 1416 1349 ut
1442 1297 1698 1371 apparet
1726 1310 1806 1351 ex
1834 1291 2014 1351 Libri
2026 1290 2137 1354 VI.

233 1387 516 1470 Epistola
542 1389 647 1449 34.
663 1432 684 1466 ,
727 1389 840 1448 ubi
882 1389 1021 1450 illos
1064 1389 1295 1449 blande
1324 1399 1580 1450 nostros
1615 1395 1822 1452 vocat.
1908 1389 2140 1472 Ecquis

237 1494 452 1548 autem
494 1488 614 1548 sibi
650 1489 1059 1569 persuadeat,
1104 1487 1411 1564 Plinium,
1458 1509 1582 1569 qua
1622 1491 1758 1549 erat
1799 1490 2140 1550 ambitione

234 1589 304 1649 et
360 1588 667 1664 vanitate,
738 1588 818 1648 de
874 1587 1226 1648 communis
1281 1607 1428 1648 cum
1482 1583 1668 1649 tantis
1692 1671 1696 1674 γ
1722 1589 1875 1652 viris
1927 1589 2141 1649 muni-

236 1687 386 1769 cipii
428 1686 670 1748 honore
712 1707 842 1751 non
883 1687 1214 1769 gloriatum
1255 1682 1438 1747 esse?
1497 1687 1768 1749 Proinde
1811 1688 2141 1750 fatendum

236 1793 368 1864 est,
411 1807 528 1847 nos
573 1785 777 1847 Catilii
820 1784 1047 1847 Severi
1101 1774 1379 1846 natalem
1420 1788 1646 1847 urbem
1687 1789 1922 1869 pariter
1962 1789 2144 1872 igno-

234 1905 379 1946 rare
421 1906 495 1947 ac
539 1885 813 1946 Cornelii
854 1884 1108 1966 Nepotis
1152 1891 1214 1945 et
1256 1885 1388 1945 Titi
1433 1886 1643 1946 Cassii.

409 1987 584 2062 Quae
626 1985 924 2045 hactenus
969 1985 1282 2066 disputata
1325 1991 1503 2063 sunt,
1565 2005 1787 2046 eorum
1830 2007 2142 2049 summam

236 2085 350 2145 ubi
390 2083 614 2146 feceris
630 2129 657 2161 ,.
694 2084 762 2144 id
803 2090 1044 2144 tantum
1084 2083 1380 2145 fateberis
1423 2086 1682 2146 evidens
1728 2106 1862 2146 esse
1906 2092 1968 2147 et
2004 2107 2144 2147 cer-

236 2191 407 2261 tum,
477 2185 718 2246 vixisse
773 2184 1032 2244 ineunte
1087 2183 1336 2244 saeculo
1393 2185 1659 2265 septimo
1718 2191 1864 2266 post
1905 2186 2144 2246 Urbem

241 2284 558 2346 conditam
601 2284 881 2345 Cassium
907 2282 1240 2343 Heminam
1276 2283 1613 2362 quemdam
1638 2284 1983 2345 Annalium
2010 2286 2143 2347 sive

234 2383 653 2444 Historiarum
696 2384 1070 2464 scriptorem
1083 2426 1104 2459 ,
1148 2383 1260 2442 sed
1302 2380 1440 2465 jure
1469 2383 1769 2460 dubitari,
1813 2405 1971 2444 mun
1999 2406 2144 2444 um-

238 2503 432 2565 quam
473 2482 665 2543 fuerit
707 2483 887 2544 Titus
932 2482 1178 2543 Cassius
1223 2480 1500 2543 Severus
1532 2481 1913 2543 Veronensis
1954 2484 2144 2544 item-

238 2602 366 2664 que
406 2583 713 2643 librorum
754 2582 1196 2643 historicorum
1239 2587 1476 2641 auctor.
1578 2581 1893 2663 Quidquid
1936 2589 2151 2643 autem

239 2687 365 2759 est,
409 2681 734 2762 utriusque
764 2682 961 2743 Cassii
1001 2681 1375 2742 memoriam
1419 2686 1481 2740 et
1512 2699 1743 2740 nomen
1788 2682 2145 2743 obscuravit

239 2802 314 2843 ac
355 2801 559 2863 paene
603 2782 910 2842 exstinxit
952 2781 1300 2863 gentilicius
1331 2780 1588 2860 quidam
1618 2787 1828 2842 orator
1842 2825 1862 2859 ,
1910 2783 1988 2842 de
2016 2802 2144 2862 quo

236 2877 409 2943 1111110
451 2881 825 2964 explicatius
868 2881 1027 2942 mihi
1070 2880 1406 2941 dicendum
1448 2885 1563 2940 est.

1113 3059 1165 3126 §.
1209 3052 1273 3112 4.

411 3181 656 3246 Cassius
698 3179 973 3243 Severus
1019 3179 1283 3257 Orator,
1331 3176 1507 3262 cujus
1543 3180 1767 3239 crebra
1796 3181 1965 3261 apud
1990 3179 2146 3241 scri·-

240 3289 458 3366 ptores
500 3287 749 3345 veteres
790 3280 860 3341 fit
900 3280 1135 3340 mentio
1151 3324 1172 3358 ‚
1229 3280 1595 3340 uberiorem
1652 3280 1911 3359 quidem
1950 3299 2142 3362 prae-

239 3383 353 3445 bet
396 3382 710 3444 scribendi
763 3380 1122 3456 materiam,
1180 3399 1300 3440 1100
1359 3385 1568 3438 tamen
1610 3379 1959 3438 minoribus
1995 3396 2146 3457 per-

240 3484 499 3565 plexam
544 3479 1024 3543 difficultatibus.
1110 3477 1309 3560 Vulgo
1346 3478 1641 3537 tribuitur
1669 3477 1728 3537 ei
1754 3493 2143 3557 praenomen

250 3581 420 3644 Titi.-
495 3579 672 3664 cujus
740 3585 968 3643 testem
1037 3577 1092 3636 si
1165 3578 1522 3658 quaerimus
1536 3621 1556 3654 ‚
1626 3595 1999 3640 revocamur
2067 3573 2146 3633 ad
