2236 3932
272 146 397 208 320
845 168 926 207 m:
972 160 1197 206 cAssm
1218 157 1607 206 *PARMENSL

271 307 480 385 partes
534 301 781 363 transiit
833 307 899 360 et
950 300 1018 358 in
1072 319 1278 382 pugna
1319 300 1400 360 ad
1441 301 1743 363 Mundam
1784 322 1999 364 caesus
2043 324 2152 366 oc-

273 402 521 463 cubuit:
563 424 626 463 v.
659 401 779 459 Dio
824 398 992 459 CaSS.
1034 397 1212 458 Libr.
1239 398 1409 459 XLI.
1453 420 1509 460 c.
1535 400 1598 460 4.
1640 401 1792 482 ibiq.
1835 402 2152 464 Fabricius

269 500 343 562 N.
394 501 493 562 15.
548 507 610 560 et
661 499 841 557 Auct.
899 498 978 558 de
1034 499 1107 558 B.
1155 498 1413 579 Hispan.
1470 519 1523 559 c.
1557 499 1660 559 31.
1745 498 1952 582 Hujus
1994 501 2154 562 filius

271 599 654 683 cognominis
669 641 689 674 ,
734 617 771 657 a
795 598 988 657 Bruto
1031 602 1096 657 et
1128 597 1338 657 Cassio
1382 598 1600 657 auxilii
1640 600 1894 679 petendi
1938 620 2153 661 caussa

269 701 350 759 ad
395 698 670 758 Orodem
724 695 986 772 missuS,
1059 696 1266 756 audita
1309 697 1481 756 clade
1523 697 1932 778 Philippensi,
1989 700 2155 781 apud

267 797 528 858 Parthos
569 795 867 856 remansit
902 795 1127 875 *eisque
1171 800 1386 855 auctor
1427 797 1699 871 exstitit,
1741 803 1816 856 ut
1855 797 2155 858 Romanis

268 897 504 957 bellum
559 894 892 972 inferrent,
969 899 1130 954 teste
1185 894 1386 955 Dione
1430 894 1596 955 CaSS.
1638 895 1815 957 Libr.
1855 895 2151 955 XLVIII.

270 1015 325 1056 c.
358 998 458 1055 24.
501 995 655 1075 ibiq.
698 1016 761 1056 v.
793 993 1116 1055 Fabricius
1158 992 1233 1053 N.
1272 993 1415 1053 106.
1518 992 1685 1054 Eum
1725 998 2008 1072 μειράκιον
2037 994 2156 1054 εὖε-

268 1097 526 1170 ρέθιστον
551 1096 645 1152 καὶ
669 1092 860 1163 ἆνοίας
887 1097 1092 1169 πλῆρες
1135 1093 1405 1172 appellat
1435 1089 1659 1152 Strabo
1700 1092 1875 1153 Libr.
1892 1094 2062 1154 XIV.
2092 1097 2155 1155 2.

268 1203 320 1268 §.
338 1195 440 1254 24.
485 1193 671 1253 Tom.
699 1193 780 1254 V.
831 1215 892 1274 p.
912 1193 1057 1253 636.
1074 1191 1193 1250 ΤΖ.
1219 1191 1518 1271 idemque
1550 1211 1696 1252 cum
1726 1192 1928 1252 Dione
1970 1213 2024 1253 c.
2051 1194 2155 1253 26.

267 1298 556 1369 testatur,
615 1293 794 1352 illum
852 1311 988 1353 Sese
1019 1291 1380 1351 nominasse
1422 1294 1722 1369 Παρθικὸν
1759 1291 2156 1369 αὐτοκράτορα.

269 1392 446 1452 Anno
489 1392 563 1451 U.
606 1391 674 1453 C.
714 1389 860 1451 715.
903 1391 972 1449 in
1026 1389 1173 1471 fuga
1228 1410 1266 1450 a
1305 1391 1658 1466 Demetrio,
1720 1391 1914 1472 Cypri
1970 1411 2156 1472 prae-

266 1491 428 1553 fecto
446 1535 466 1568 ,
513 1497 727 1572 captus
756 1495 885 1566 est,
933 1497 1184 1550 auctore
1216 1488 1420 1549 Dione
1453 1489 1623 1550 Cass.
1662 1489 1839 1550 Libr.
1860 1489 2159 1551 XLVIII.

270 1613 323 1652 c.
359 1592 463 1651 40.
549 1590 691 1650 Jam
732 1586 918 1671 hujus
959 1588 1160 1657 filium
1200 1587 1274 1648 N.
1305 1588 1508 1649 Faber
1549 1595 1867 1651 oratorem
1910 1589 1991 1650 T.
2028 1588 2158 1649 La-

266 1691 529 1750 bienum
570 1688 765 1749 fuisse
795 1688 1015 1747 statuit
1054 1688 1229 1747 nulla
1270 1687 1392 1747 alia
1417 1688 1638 1748 ductus
1662 1686 1924 1765 ratione,
1968 1709 2159 1769 quam

268 1791 441 1871 quod
498 1789 669 1849 idem
712 1788 771 1848 ei
814 1807 1199 1869 praenomen
1242 1787 1338 1847 sit.
1441 1786 1576 1863 Qua
1619 1788 1699 1848 de
1741 1807 1812 1848 re
1853 1787 2021 1847 haud
2060 1787 2160 1846 in-

265 1887 428 1972 juria
499 1908 818 1948 assensum
892 1887 1213 1968 suspendit
1287 1907 1472 1946 suum
1531 1885 1609 1947 G.
1661 1885 1720 1946 J.
1771 1886 2021 1947 Vossius
2078 1888 2159 1947 de

264 1989 496 2051 Histor.
541 1986 746 2047 Latin.
791 1985 968 2046 Libr.
995 1985 1048 2045 I.
1095 2006 1148 2046 c.
1180 1986 1282 2046 23.
1326 2006 1388 2065 p.
1420 1987 1522 2045 38.
1611 1984 1799 2045 Tom.
1829 1984 1939 2046 IV.
1994 1984 2157 2067 Opp.

265 2088 547 2150 Retinuit
587 2087 808 2166 utique
850 2087 959 2146 ille
995 2085 1211 2146 ‘animo
1242 2085 1445 2167 gentis
1477 2105 1626 2145 suae
1653 2083 1954 2144 ferociam
1987 2104 2162 2144 eam-

270 2208 397 2268 que
429 2187 607 2246 dictis
652 2185 1022 2266 scriptisque
1065 2183 1478 2265 exprompsit.
1565 2183 1739 2260 Fuit,
1802 2183 2006 2264 inquit
2061 2184 2158 2243 di-

271 2287 650 2347 sertissimus
694 2287 771 2345 de
817 2305 894 2345 eo
938 2283 1147 2360 testiS,
1190 2283 1279 2342 M.
1312 2281 1583 2359 Seneca,
1628 2288 1842 2344 orator
1882 2303 2160 2364 magnuS,

270 2387 381 2465 qui
445 2406 559 2466 per
612 2385 814 2444 multa
868 2384 1320 2464 impedimenta
1381 2383 1716 2460 eluctatus,
1790 2383 1869 2442 ad
1927 2380 2161 2441 famam

267 2485 538 2566 ingenii,
613 2483 1047 2544 confitentibus
1103 2482 1302 2564 magis
1360 2474 1718 2542 hominibus
1789 2486 2160 2562 pervenerat

271 2566 460 2663 quam
502 2584 878 2644 volentibus.
967 2582 1232 2643 Summa
1274 2586 1517 2663 egestas
1562 2586 1694 2641 erat
1709 2623 1728 2655 ,
1774 2599 2019 2638 summa
2059 2579 2160 2638 in-

268 2681 490 2758 famia,
537 2703 854 2741 summum
883 2682 1118 2741 odium.
1178 2681 1341 2740 Hinc
1367 2679 1617 2740 Asinius
1638 2678 1861 2754 Pollio,
1907 2685 2159 2738 auctore

273 2781 651 2862 Quintiliano
694 2780 742 2839 Ι.
791 2777 902 2839 Or.
946 2778 1125 2840 Libr.
1153 2780 1267 2840 IV.
1313 2801 1365 2841 o.
1400 2781 1456 2839 l.
1500 2787 1550 2852 §.
1588 2780 1720 2855 11.,
1766 2798 1914 2853 eum
1937 2778 2160 2838 adver-

269 2880 416 2940 sarii
467 2885 799 2961 patronum
854 2900 971 2959 pro
1026 2880 1324 2957 Urbiniae
1378 2876 1717 2938 heredibus
1772 2878 1935 2936 inter
1977 2896 2162 2957 argu-

271 2983 484 3039 menta
525 2979 725 3038 malae
785 2965 1058 3039 caussae'
1092 2979 1298 3060 posuit
1316 3001 1343 3038 :-
1393 2999 1456 3039 v.
1504 2976 1888 3038 Thorbeoke
1932 2976 2011 3035 de
2055 2977 2160 3034 As.

271 3079 570 3139 Pollionis
626 3075 754 3137 Vit.
816 3084 882 3138 et
939 3077 1123 3138 Stud.
1167 3101 1232 3159 p.
1263 3079 1367 3138 74.
1397 3098 1492 3157 sq.
1537 3083 1601 3137 et
1642 3076 1720 3135 H.
1759 3074 2053 3152 Meyerus
2095 3074 2162 3147 in

277 3175 476 3236 Oratt.
520 3177 783 3242 Roman.
827 3177 1076 3259 Fragm.
1121 3199 1180 3257 p.
1213 3177 1358 3238 213.
1402 3184 1469 3238 et
1498 3199 1574 3257 p.
1611 3176 1757 3235 221.
1844 3173 2162 3233 Labienus

273 3274 692 3358 Pompeianus
737 3276 1073 3336 dissidebat
1111 3275 1335 3339 infesto
1379 3276 1588 3336 animo
1639 3275 1717 3334 ab
1762 3273 1974 3335 Asinio
2017 3272 2163 3331 Pol-

272 3376 443 3436 lione
489 3375 889 3449 CaesarianO,
935 3394 1208 3455 eumque
1250 3376 1318 3434 in
1360 3376 1677 3449 oratione,
1725 3369 1898 3453 cujus
1939 3370 2165 3431 memi-

273 3475 367 3534 nit
394 3475 805 3551 Quintilianus
848 3473 899 3532 I.
931 3471 1042 3533 Or.
1087 3474 1259 3534 Libr.
1273 3474 1325 3540 I.
1355 3495 1408 3533 c.
1434 3470 1494 3532 5.
1533 3481 1580 3545 §.
1612 3475 1696 3556 8.,
1740 3490 1898 3533 voce
1929 3469 2163 3529 Gallica

276 3574 702 3654 appellaverat
736 3575 1022 3647 Gasnar,
1068 3571 1132 3632 h.
1161 3592 1218 3633 e.
1261 3578 1702 3633 assectator-em
1736 3591 1820 3630 so.
1868 3567 2161 3642 Caesaris,
