2236 3932
663 172 746 220 nss
789 172 850 213 1..
886 171 1103 225 ,νΑιιιυ
1151 170 1391 226 Ροιςτᾼ.
1897 149 1979 215 65

78 311 217 372 Hoc
260 309 455 372 etiam
492 308 639 371 loco
684 306 944 377 Codices
986 315 1056 374 et
1075 304 1397 378 Editiones
1441 311 1691 391 veteres
1723 307 1983 370 Varum

77 410 349 484 habent3
418 428 539 491 pro
595 426 725 487 quo
801 407 1042 467 <ludum
1110 403 1248 464 Viri
1303 402 1493 464 Docti
1546 413 1983 486 reposuerunt

82 507 405 583 Varium,
454 526 649 588 quem
691 524 839 565 cum
880 504 1210 580 Maecenas
1252 501 1547 565 evexisse
1590 503 1857 580 dicitur,
1890 506 1982 566 nil
2083 551 2085 556 .

77 608 203 669 nisi
258 604 396 689 ejus
451 605 635 673 favor
693 603 1081 681 declaratur,
1143 622 1274 684 quo>
1313 601 1482 676 hunc
1525 622 1781 682 quoque
1822 624 1980 684 poe-

79 714 209 769 tam
248 710 622 788 prosecutus
662 701 869 765 fuerat
909 700 1178 787 ejusque
1220 700 1427 765 studia
1463 698 1738 766 foverat.
1824 701 1981 801 Gaes-

76 969 133 1010 ut
175 959 393 1023 videtur,
441 958 571 1010 Dan.
608 957 745 1012 Guil.
782 958 1022 1010 Trillerus
1069 961 1119 1010 in
1164 958 1303 1027 Notis
1337 957 1519 1023 Mstis‚
1564 971 1683 1023 quas
1719 977 1826 1011 cum
1862 958 1981 1011 Cor-

78 1035 146 1082 tio
181 1034 635 1093 communicaverat,
670 1042 860 1082 auctore
897 1030 1009 1082 Car.
1041 1031 1126 1082 Fr.
1144 1030 1367 1082 Webero
1401 1035 1452 1080 in
1487 1030 1697 1083 Praefat.
1730 1034 1800 1083 in‘
1819 1031 1980 1084 Luca-

77 1122 193 1152 num
227 1103 347 1153 Vol.
371 1102 415 1152 Ι.
453 1122 500 1166 p.
531 1103 659 1154 XX.
676 1139 692 1163 ,
744 1123 830 1167 pro
864 1115 1029 1154 caestu
1064 1107 1329 1165 conjecerat
1358 1119 1562 1166 gmssu:
1606 1105 1657 1152 in
1692 1122 1851 1167 quam.
1868 1123 1982 1159 ¹cou-

77 1178 308 1236 jecturam
355 1175 618 1224 inciderunt
654 1177 797 1224 etiam
833 1172 1058 1239 Heynius
1107 1176 1157 1223 in
1193 1172 1306 1224 Not.
1343 1174 1402 1222 ad
1439 1175 1617 1223 Donati
1650 1173 1758 1226 Vit.
1796 1171 1981 1240 Virgil-

77 1264 119 1296 c.
148 1244 298 1296 XIV.
337 1249 374 1306 ᾗ.
412 1252 496 1296 53.
537 1256 584 1295 et
607 1244 1016 1295 Mitscherlichius
1048 1245 1107 1294 ad
1143 1244 1315 1294 Horat.
1343 1243 1482 1294 Libr.
1502 1244 1571 1295 11.
1601 1243 1700 1295 od.
1727 1248 1854 1297 1.'v.
1872 1253 1980 1312 11„

79 1320 160 1380 qui
198 1335 303 1366 eam
342 1319 449 1366 loco
486 1316 649 1367 Ovidii
686 1317 862 1367 Amor.
906 1316 1049 1367 Libr.
1078 1314 1172 1365 111.
1211 1315 1355 1380 Eleg.
1396 1323 1446 1366 1.
1491 1333 1538 1366 v.
1569 1322 1655 1367 11.
1706 1317 1902 1379 „Venit
1937 1330 1984 1368 et

76 1392 265 1452 ingenti
309 1389 519 1438 :dolente
561 1387 850 1451 Tragoedia
875 1389 1074 1451 passu“
1109 1395 1223 1449 apte.
1253 1388 1577 1447 communivit.
1662 1387 1802 1438 Hanc
1838 1392 1983 1453 igitur

77 1462 432 1510 triumvirorum
467 1459 841 1509 emendationem
879 1460 984 1507 sine
1015 1456 1325 1507 haesitatione
1358 1460 1571 1519 reposui.
1642 1457 1790 1509 Haud
1826 1462 1982 1510 levius

81 1534 255 1581 vulnus
301 1530 476 1580 insidet
509 1548 558 1579 v.
591 1536 742 1589 227„
787 1530 876 1581 ‘ubi
927 1530 1064 1592 vulg.
1101 1529 1210 1578 alm
1250 1526 1493 1578 Thoantis
1538 1545 1626 1579 seu
1669 1530 1881 1582 Tomur’s
1912 1534 1983 1581 le-

77 1606 235 1668 gitur,
284 1601 412 1664 quod
447 1618 591 1650 seusu
627 1595 799 1650 carere'
823 1609 951 1651 recte
987 1601 1254 1650 observavit
1285 1599 1530 1664 Langius,
1569 1602 1651 1664 qui
1677 1602 1722 1651 l.
1751 1620 1792 1652 c.
1823 1602 1887 1653 N.
1914 1610 1983 1667 6.,

77 1675 227 1723 donec
260 1673 433 1721 melius
468 1671 584 1734 quid
619 1672 913 1736 reperiatur,
950 1673 1293 1721 nonnullorum
1329 1673 1559 1721 librorum
1598 1673 1848 1723 lectionem
1878 1675 1985 1725 alta

78 1746 296 1795 tonantis
339 1739 699 1806 praeferendam
750 1742 904 1793 duxit.
968 1741 1091 1792 'Sed
1138 1742 1197 1792 'ut
1244 1742 1525 1807 concedam,
1575 1743 1698 1794 alta
1714 1743 1888 1796 &chare
1922 1747 1983 1797 de

76 1829 215 1880 poeta
265 1818 442 1879 tragn'co
487 1833 639 1878 eoque
683 1816 998 1879 grandiloquo
1047 1824 1177 1864 recte
1225 1815 1350 1875 dici,
1411 1825 1465 1866 ut
1512 1814 1792 1878 Propertius
1841 1817 1981 1867 Libr.

77 1887 169 1938 ΙΙΙ.
208 1886 351 1951 Eleg.
385 1892 466 1937 15.
506 1905 551 1936 v.
585 1893 670 1937 39.
741 1886 937 1949 „Haec
977 1904 1066 1950 ego
1098 1906 1198 1937 mm
1232 1885 1405 1936 humili
1420 1889 1644 1955 referam
1666 1888 1983 1941 memoranda

76 1957 335 2019 cothurno,
387 1957 563 2027 Qualis
593 1956 866 2009 Pindarico
897 1961 1103 2021 spiritus
1137 1977 1222 2009 om
1255 1963 1468 2022 tonat‚·“
1513 1969 1671 2008 tamen
1708 1961 1982 2010 duriuscule

76 2032 257 2081 dictum
289 1995 501 2079 videtur.
535 2028 792 2080 Maecenas
827 2033 951 2080 eruit
967 2027 1110 2080 Varii
1145 2032 1242 2080 alta
1277 2032 1508 2080 tonantis
1516 2048 1585 2080 sc.
1623 2039 1816 2093 nomen,
1855 2034 1982 2095 quod

78 2121 142 2154 ex
185 2118 290 2167 seq.
338 2105 537 2152 κοηιίηα
583 2111 711 2152 esset
743 2102 1047 2154 eliciendum.
1120 2100 1306 2152 Eodem
1347 2102 1474 2152 redit
1508 2069 1837 2169 Wernsdortii
1878 2116 1981 2154 ten-

78 2185 236 2224 tamen
279 2176 527 2234 mantas,
589 2176 692 2223 sive
741 2192 847 2224 cum
894 2192 953 2224 eo
1002 2171 1266 2238 Virgilium
1311 2174 1541 2240 intelligis
1590 2176 1692 2224 sive
1741 2164 1979 2240 Varium3

76 2254 340 2311 praestaret
383 2245 536 2295 altera
571 2245 789 2307 ejusdem
821 2243 1150 2296 Wernsdorfii
1181 2249 1442 2310 correctio,
1484 2247 1527 2296 si
1562 2246 1782 2310 vulgatae
1818 2248 1981 2297 lectio·

77 2320 154 2368 n‘n
187 2318 406 2367 dumibus
441 2317 775 2383 adjuvaretur,
812 2318 919 2367 alm
951 2315 1209 2368 certantum
1245 2335 1317 2368 sc.
1352 2326 1611 2381 poetarum
1631 2321 1831 2369 nentina
1853 2323 1982 2369 eruit

78 2401 126 2440 et
167 2387 375 2440 ostendit
415 2388 707 2439 Maecenas.
783 2388 1012 2454 *Visconti
1057 2391 1094 2439 l.
1134 2407 1178 2440 c.
1214 2387 1279 2440 N.
1314 2395 1365 2440 2.
1403 2407 1491 2453 pro
1515 2387 1775 2448 thoantis
1805 2391 1982 2440 substi-

78 2460 305 2511 tuendum
350 2462 547 2522 conjecit
601 2458 848 2526 Thyestae
883 2464 986 2510 sive
1037 2459 1298 2527 Thyestis,
1346 2479 1519 2511 nomen
1566 2462 1839 2526 tragoediae
1875 2461 1981 2511 Va-

79 2535 272 2582 rianae.
258 2548 273 2561 ·
308 2549 430 2595 quae
465 2534 731 2593 coniectura
766 2531 884 2581 mihi
917 2533 1105 2582 videtur
1138 2549 1293 2594 neque
1327 2531 1757 2596 hilum'praestare
1787 2535 1980 2584 lectioni

79 2605 317 2668 vulgatae.
413 2601 634 2653 Concedo
689 2604 884 2667 quidem
924 2603 1114 2669 Laugio
1159 2604 1362 2669 dicenti,
1411 2605 1538 2654 nihil
1584 2606 1822 2667 infelicius
1871 2622 1979 2656 esse

80 2678 349 2738 conjectura
385 2672 443 2723 C.
470 2672 682 2735 Barthii,
737 2677 819 2738 qui
867 2677 917 2726 in
964 2674 1174 2726 Advers.
1213 2674 1353 2727 Libr.
1386 2674 1595 2740 XXIV.
1633 2694 1674 2727 c.
1711 2681 1796 2742 14.
1836 2688 1884 2727 et
1918 2678 1980 2726 ad

82 2745 223 2797 Statii
258 2745 415 2797 Theb.
428 2742 595 2794 Vm.
632 2763 680 2796 v.
710 2751 830 2797 239.
869 2747 1123 2811 legendum
1160 2742 1437 2811 proposuit.
1471 2747 1579 2798 ulta
1616 2747 1855 2812 Latinos,·
1893 2748 1980 2799 sed

80 2821 195 2870 item
229 2836 320 2883 ego
356 2817 621 2880 contendo,
675 2835 702 2866 a
738 2821 927 2868 nemine
961 2821 1138 2868 rectius
1186 2821 1330 2868 totius
1374 2821 1468 2870 loci
1517 2837 1714 2871 sensum
1762 2838 1868 2871 esse
1904 2823 1979 2869 in·

82 2891 357 2954 tellectum,
407 2907 547 2952 quam
595 2906 623 2938 a
674 2886 893 2941 Banhio.
981 2887 1127 2939 Poeta
1177 2892 1302 2939 enim
1347 2909 1501 2955 neque
1547 2892 1608 2941 de
1655 2891 1864 2957 Virgilio
1899 2891 1979 2941 hic

80 2962 319 3025 loquitur,
366 2971 523 3024 neque
558 2960 620 3011 de
653 2959 838 3021 Vario,
888 2960 976 3013 sed
1021 2961 1080 3011 ad
1115 2960 1368 3013 Horatium
1407 2965 1505 3015 sibi
1539 2965 1666 3015 viam
1701 2966 1838 3027 quasi
1873 2981 1980 3012 mu-

82 3035 269 3083 niturus
317 3035 368 3083 in
420 3035 693 3083 uuiversum
736 3033 880 3094 dicit,
933 3031 1227 3086 Maecenatis
1274 3036 1533 3097 patrocinio
1581 3035 1803 3093 effectum
1849 3051 1978 3100 esse,

82 3114 137 3152 ut
166 3102 349 3155 Romae
397 3105 639 3167 prodirent
688 3115 883 3166 poetae,
942 3107 1027 3167 qui
1074 3122 1183 3156 sese
1229 3123 1469 3169 opponere
1520 3116 1714 3168 possent
1760 3106 1975 3158 Graecis.

83 3173 150 3223 132
196 3192 302 3224 cum
342 3174 574 3227 Horatius
627 3176 828 3225 obscuro
879 3177 988 3227 loco
1038 3186 1176 3226 natus
1225 3186 1274 3227 et
1323 3187 1601 3241 paupertate
1646 3195 1842 3241 pressus
1891 3194 1983 3240 per

83 3243 409 3296 Maecenatem
443 3249 492 3296 in
527 3248 684 3296 lucem
718 3250 1020 3312 emersisset,
1063 3246 1141 3298 hic
1173 3259 1403 3311 patronus
1439 3250 1609 3299 dicitur
1639 3250 1746 3299 alta
1779 3253 1979 3302 nomina

83 3335 154 3368 sc.
191 3329 435 3380 poetarum
469 3321 654 3369 eruisse
689 3327 738 3368 et
784 3320 974 3381 populis
1010 3317 1172 3381 Graiis
1206 3322 1489 3371 ostendisse.
1581 3319 1720 3386 Quae
1766 3339 1875 3371 cum
1909 3322 1977 3371 ita

83 3391 211 3449 sint,
259 3387 377 3438 mihi
409 3389 575 3439 videor
610 3392 652 3438 si
688 3407 782 3439 non
817 3408 1035 3454 manum,
1072 3400 1200 3442 certe
1234 3409 1429 3441 sensum
1463 3400 1631 3454 poetae
1666 3393 1805 3444 istius
1838 3395 1978 3442 resti-

83 3463 232 3511 tuisse
267 3478 355 3524 ea,
391 3477 533 3523 quam
567 3463 760 3524 recepi,
806 3465 1129 3529 correctione,
1163 3481 1285 3528 quae
1319 3466 1463 3515 etiam
1499 3480 1528 3514 a
1563 3463 1700 3530 vulg.
1738 3461 1979 3516 Thoantis

82 3550 180 3583 uon
211 3533 353 3582 nimis
384 3532 533 3596 louge
566 3532 790 3585 discedit.

155 3616 480 3670 Wncmr.
513 3615 803 3671 Coum-r.
1537 3615 1580 3679 5

1564 3852 1588 3879 l:
