2236 3932
663 185 745 225 nn
791 183 1011 226 cassxo
1058 183 1425 225 PARMENst.
1881 168 2003 231 221

106 321 408 384 XXXIII.
451 341 508 383 c.
534 320 641 382 37.
739 320 940 401 Atqui
991 320 1295 399 Parmae,
1349 320 1505 382 dum
1549 319 1779 399 Tusci,
1837 322 2006 387 Galli

106 431 170 485 et
209 421 353 505 Boji
406 422 580 482 illam
634 420 964 503 regionem
1016 422 1351 498 tenebant,
1421 420 1596 481 nulla
1634 420 1708 481 fit
1746 426 2008 504 mentio,

106 524 223 583 sed
247 524 504 582 demum
532 519 746 580 seculo
770 526 913 599 post
940 521 1016 581 U.
1042 519 1112 581 C.
1141 526 1328 582 sexto
1358 527 1764 582 memoratur.
1850 523 2010 585 Nam

105 640 275 682 anno
318 621 397 679 U.
443 618 513 679 G.
565 617 710 678 571.
765 617 854 678 M.
900 619 1164 681 Claudio
1205 619 1510 681 Marcello
1565 625 1633 681 et
1693 621 1766 697 Q.
1810 621 2009 684 Fabio

104 719 405 779 Labeone
448 716 622 778 Coss.
639 758 659 792 ,
707 718 789 776 'ut
830 724 1053 779 auctor
1093 725 1193 780 est
1233 718 1458 781 Livius
1499 717 1678 780 Libr.
1705 721 2009 783 XXXIX.

106 838 162 879 c.
206 817 308 878 55.
322 859 343 892 ,
400 814 718 890 „Matium
773 826 835 876 et
888 819 1140 878 Parma
1193 816 1489 879 coloniae
1551 820 2010 882 Romanorum

104 915 346 977 civium
402 925 558 975 sum
613 915 949 977 deductae.
1053 915 1233 978 Bina
1272 916 1483 978 millia
1538 918 1877 981 homimem
1933 920 2010 982 in
2054 983 2063 1007 Ι

103 1035 268 1093 agro
281 1058 304 1090 ,
347 1013 464 1096 qui
493 1013 805 1096 proxime
843 1016 1195 1093 Boiorum,
1255 1027 1411 1078 ante
1460 1020 1819 1080 Tuscorum
1839 1019 2011 1101 fue-

102 1124 213 1174 rat
227 1157 249 1191 ,
307 1124 539 1174 octona
588 1115 823 1192 iugera
863 1118 1185 1191 Parmae,
1245 1115 1448 1198 quina
1490 1116 1791 1179 Mutinae
1832 1141 2012 1180 acce-

94 1218 414 1296 perunt.“
502 1211 575 1274 Si
615 1214 803 1296 igitur
828 1215 1095 1276 Parmae
1137 1216 1315 1298 origo
1343 1216 1426 1275 ad
1454 1217 1813 1297 antiquiora
1849 1225 2013 1280 tem-

103 1334 259 1395 pora
313 1314 676 1374 reducenda
731 1314 849 1392 sit,
918 1315 1308 1396 praestiterit
1363 1315 1443 1374 ad
1485 1313 1692 1399 Bojos¹
1721 1337 1863 1379 eam
1903 1339 2025 1381 re-

103 1413 272 1474 ferre
328 1433 523 1492 quam
585 1415 667 1473 ad
741 1413 1018 1491 Tuscos„
1091 1413 1470 1495 praesertim
1538 1435 1688 1475 cum
1747 1417 2013 1478 dubium

104 1514 219 1589 sit,
291 1533 446 1571 num
501 1518 738 1573 tractus
792 1513 900 1573 ille
956 1514 1329 1593 paludosus„
1401 1512 1471 1572 in
1527 1535 1659 1595 quo
1719 1516 1837 1577 sita
1879 1523 2014 1578 erat

101 1612 331 1671 Parma
345 1654 369 1685 ,
413 1608 541 1693 jam
570 1617 709 1670 tum
738 1612 818 1671 ab
850 1611 973 1672 illis
1004 1613 1209 1673 cultus
1250 1611 1440 1673 fuerit
1452 1611 1549 1693 19).
1637 1612 1756 1675 Sin
1797 1622 2014 1678 autem

100 1711 360 1787 Parma,
404 1710 603 1792 pulsis
646 1710 905 1771 demum
948 1730 1037 1772 ex
1077 1712 1182 1772 illa
1204 1711 1463 1795 regione
1490 1711 1772 1775 Etruscis
1788 1759 1810 1794 ,
1857 1736 2013 1777 con-

103 1811 236 1871 dita
292 1817 424 1888 est,
480 1811 662 1871 nullo
716 1807 860 1893 jure
914 1811 1169 1872 videtur
1224 1811 1528 1891 appellari
1567 1834 1754 1894 posse
1798 1815 2012 1877 civitas

102 1910 412 1972 Etruriae.
527 1910 739 1991 Atque
804 1910 954 1970 inde
1029 1910 1401 1994 intelligitur
1417 1956 1440 1990 ,
1513 1932 1658 1990 cur,
1727 1916 2013 1996 exceptis

101 2010 348 2072 Horatii
406 2008 773 2072 Scholiastis
789 2053 809 2085 ,
877 2029 1066 2070 nemo
1123 2010 1503 2092 scriptorum
1545 2019 1840 2075 veterum
1881 2021 2012 2077 tra-

101 2110 365 2187 diderit,
422 2110 716 2170 Parmam
757 2109 953 2170 fuisse
994 2110 1226 2170 urbem
1268 2109 1584 2174 Etruriae.

273 2210 518 2272 Deinde
573 2210 745 2291 quod
798 2210 1017 2270 Acron
1071 2215 1135 2270 et
1192 2208 1571 2274 Scholiastes
1630 2213 1822 2296 Cruq.
1881 2221 2013 2278 tra-

101 2311 293 2388 dtmt,
352 2330 392 2371 a
434 2309 678 2371 Senatu
735 2310 1057 2370 decretum
1109 2308 1336 2388 fuisse,
1394 2318 1465 2372 ut
1521 2312 1716 2375 Cassii
1756 2315 2014 2377 Etrusci

101 2410 281 2487 libri,
338 2410 488 2490 quia
531 2409 763 2469 nullius
808 2416 1020 2470 essent
1060 2409 1283 2491 pretii,
1329 2431 1476 2472 cum
1521 2415 1827 2478 cadavere
1872 2413 2013 2499 ejus

98 2510 622 2588 incenderentur,
696 2509 762 2569 id
777 2551 798 2585 ,
867 2508 922 2568 si
989 2528 1130 2570 rem
1198 2511 1562 2592 simpliciter
1632 2521 2009 2598 speetamuS,

101 2630 360 2694 prorsus
416 2610 723 2671 absonum
781 2612 879 2671 est
935 2628 1180 2689 perque
1221 2611 1575 2674 ridiculum.
1674 2613 1836 2676 Nam
1879 2637 2010 2697 quo

101 2720 387 2792 tempore
446 2710 695 2773 Cassius
738 2710 846 2771 ille
888 2708 1344 2773 existimandus
1387 2718 1485 2774 est
1526 2713 1788 2791 obiisse,
1844 2736 2012 2777 non·
2127 2766 2129 2776 Α

103 2813 260 2872 dmn
316 2819 611 2894 coeptum
665 2817 805 2872 erat
856 2808 1272 2872 animadverti
1324 2811 1394 2872 in
1447 2820 1854 2876 monumenta
1909 2815 2012 2876 in-

101 2913 303 2995 genii,
347 2913 413 2973 id
458 2911 629 2992 quod
673 2909 930 2993 Augusti
974 2910 1235 2971 demum
1276 2912 1396 2972 sub
1438 2912 1708 2996 imperio
1750 2937 1868 2977 usu
1894 2936 2011 2979 ve-
2074 2996 2078 3002 x

103 3011 273 3073 nisse
327 3013 625 3073 observat
681 3010 768 3070 M.
810 3008 1058 3071 Seneca
1101 3010 1402 3075 Controv.
1444 3011 1625 3074 Libr.
1655 3015 1723 3076 V.
1770 3037 1833 3097 p.
1862 3017 2010 3077 321.
2078 3003 2094 3025 Χ

102 3110 244 3191 Bip.
329 3112 539 3193 Atque
583 3111 888 3193 supplicia
931 3116 1180 3192 sumpta
1222 3118 1369 3173 sunt
1410 3113 1491 3174 de
1519 3114 1738 3175 studiis
1771 3115 1850 3175 T.
1881 3113 2011 3176 La-

104 3210 309 3286 bieni,
380 3211 574 3273 Cassii
632 3209 857 3272 Severi
914 3216 981 3271 et
1024 3210 1329 3272 Cremutii
1371 3210 1597 3291 Cordi,
1658 3234 2011 3295 eorumque

104 3310 333 3391 scripta
377 3311 647 3372 Senatus
690 3310 990 3372 consultis
1017 3310 1278 3389 abolita,
1323 3332 1471 3374 cum
1513 3313 1744 3396 partim
1770 3313 2008 3376 referta

250 3486 346 3545 19)
386 3482 602 3532 conferri
643 3491 854 3544 possunt,
893 3499 1012 3545 quae
1050 3482 1111 3531 de
1148 3482 1320 3533 finibus
1358 3494 1405 3533 et
1441 3486 1617 3533 ambitu
1656 3483 1874 3535 Etruriae
1913 3486 2011 3536 dis-

105 3555 251 3672 seirnit
295 3555 361 3605 Β.
410 3556 471 3605 G.
515 3553 812 3604 Niebulwius
864 3556 912 3602 in
960 3553 1104 3603 Riim.
1157 3553 1329 3605 Gesch.
1387 3555 1528 3606 Tom.
1575 3554 1618 3607 l.
1673 3575 1721 3621 p.
1779 3564 1894 3609 119.
1935 3576 2009 3621 sq.

106 3641 133 3671 c
171 3661 183 3673 .
222 3633 271 3675 2.
