2236 3932
243 130 371 191 306
829 150 910 189 ΒΕ
958 128 1184 189 cassio
1216 147 1588 191 Pitumnum.

251 284 434 346 initio
476 285 806 346 transierat
849 284 1039 343 etiam
1078 281 1384 344 {Ducerius
1395 316 1417 359 ·,
1477 303 1662 344 suum
1710 290 1923 346 tamen
1961 305 2141 348 erro-

244 405 384 446 rem
436 385 698 466 posthac
752 384 1023 464 ingenue
1078 380 1432 443 confessus=
1492 405 1557 445 v.
1607 381 1889 444 Oeuvres
1934 387 2142 446 ,ἄΗο-

244 505 401 545 mace
466 483 653 543 Tom.
696 481 878 550 VIR.
945 501 1009 561 p.
1061 482 1203 543 176.
1263 483 1364 542 ed.
1406 479 1466 543 5.
1575 482 1736 543 Huic
1792 485 2143 547 ‚sententiae

243 584 508 666 opponit
549 581 882 641 Massonus?
918 579 984 639 in
1027 578 1158 640 Vit.
1201 580 1419 642 Horat.
1466 605 1530 664 p.
1563 584 1708 642 211.
1738 603 1834 663 sq.
1879 591 2143 646 aetatem

246 682 564 756 Consulis,
623 681 733 760 qui
791 699 937 741 cum
995 698 1080 739 ex
1133 679 1273 762 lege
1327 682 1537 742 annali
1579 702 1743 743 anno
1788 682 1860 742 U.
1897 683 1966 744 C.
1994 685 2144 745 689.

183 822 186 831 ι
240 802 386 847 ssse
432 780 720 841 debuerit
761 798 960 842 annos
982 779 1101 843 ‚42.
1145 786 1362 855 natus,
1407 787 1804 866 seQeretur,
1849 789 1916 843 ut
1930 827 1952 857 ,
2000 804 2147 844 cum

246 883 328 942 ab
384 879 646 941 Horatio
703 899 820 960 per
839 877 1205 959 ..epistolam
1274 879 1355 939 ad
1423 900 1685 941 coenam
1748 881 2138 959 invitaretur,

240 981 466 1041 >fuisset
522 998 723 1040 senex
781 977 1238 1060 octogenarius.
1363 979 1441 1039 Id
1498 1000 1655 1041 vero
1714 1002 1831 1062 per
1883 1003 1980 1044 se·
2010 1005 2143 1044 nou

248 1079 441 1140 modo
498 1099 629 1139 non
686 1077 1027 1140 verisimile
1083 1078 1372 1155 videtur,
1445 1080 1559 1140 sed
1617 1080 1803 1143 etiam
1857 1101 1895 1142 a
1950 1083 2142 1144 totius

247 1179 546 1261 epistolae
613 1178 883 1239 ratione·
925 1183 989 1237 et
1054 1186 1426 1261 argumento
1493 1199 1752 1260 prorsus
1822 1181 2140 1243 abhorret.

241 1281 387 1357 Quo
427 1279 684 1339 tandem
725 1283 911 1359 pacto
952 1276 1150 1338 Poeta
1190 1299 1250 1339 v.
1277 1280 1386 1339 24.
1431 1299 1647 1341 senem
1689 1284 1819 1340 tam
1845 1282 2145 1363 grandem

246 1385 514 1461 poterat·
538 1378 887 1439 amicomm
927 1377 1001 1437 in
1031 1397 1304 1439 numero
1349 1377 1586 1441 habere
1628 1386 1692 1440 et
1732 1401 1797 1442 v.
1839 1379 1941 1442 25.
1975 1380 2144 1442 'scri-

245 1481 434 1540 bere:
492 1488 571 1538 ut
628 1486 812 1538 coeat
856 1499 995 1559 par
1042 1478 1485 1560 iungaturque
1537 1473 1740 1561 pari?
1807 1478 2142 1553 Caeterum

246 1579 573 1639 Massonus
641 1576 1007 1658 profitetur,
1043 1631 1045 1633 .
1088 1597 1178 1638 ex
1240 1577 1529 1658 pluribus
1599 1578 1918 1642 Ciceronis
1989 1580 2143 1640 locis

249 1677 494 1739 ostendi
536 1696 748 1758 posse,
796 1676 1197 1758 Torquatum
1240 1675 1379 1738 Cos.
1405 1675 1551 1760 *jam
1594 1675 1741 1741 ante
1783 1680 2142 1754 decessisse,

246 1797 436 1858 quam
487 1776 641 1858 ipse.
667 1775 935 1856 :Ennius
972 1777 1266 1841 obiisset.
1364 1778 1689 1859 Quidquid
1736 1786 1955 1841 autem
2010 1775 2145 1860 ejus

246 1878 341 1938 rei
383 1882 510 1950 est,
565 1875 634 1936 id
672 1894 869 1954 nemo
910 1896 1040 1937 non
1080 1895 1332 1938 mecum
1373 1877 1696 1961 intelligit,
1743 1885 1948 1940 totum
1992 1877 2146 1939 scri-

237 1976 440 2037 ·bcndi
498 1995 734 2059 genus,
777 1996 936 2056 quo
990 1975 1499 2058 Poetantroque
1546 1977 1616 2038 in
1639 1984 1964 2059 poemate¹
1991 1997 2143 2040 usus

231 2077 328 2137 'sit
343 2119 363 2153 ,
419 2075 720 2157 prodere·
739 2075 1101 2136 interiorem
1145 2075 1508 2138 societatem
1532 2074 1977 2159 majoremque
2005 2077 2143 2138 ani-

236 2196 496 2236 morum
551 2175 1027 2255 sundinrumque
1095 2195 1503 2254 consensum,
1579 2196 1774 2257 quam
1840 2177 1956 2258 qui
2006 2196 2143 2238 csse

227 2274 521 2355 >potuerit
595 2273 851 2350 Horatio
924 2294 1069 2337 cum
1125 2273 1484 2356 Torquato,
1556 2277 1781 2338 natalis
1840 2276 1938 2338 sui
1992 2275 2144 2336 anni

246 2374 540 2435 Consule.
1961 2398 1964 2403 ·

413 2473 600 2549 Quod
655 2493 802 2533 cum
847 2474 1187 2535 sensissent
1226 2475 1484 2557 plurimi
1526 2476 1948 2559 lutei-prema,
1979 2495 2143 2539 :ma-

249 2574 503 2635 luerunt
562 2571 848 2634 Consulis
911 2575 1351 2656 cognominem
1408 2576 1604 2637 filium
1623 2621 1643 2654 ,
1702 2577 1780 2637 L.
1840 2576 2143 2637 Manlium

250 2673 681 2753 Torquatum,
737 2672 1022 2757 intelligi.
1109 2674 1271 2736 Eam
1313 2677 1723 2754 sententiam,
1781 2696 1972 2757 quam
2014 2676 2141 2736 Da-

241 2773 453 2833 cerius
497 2792 751 2852 quoque
794 2775 1089 2854 protulit,
1153 2795 1306 2857 prae
1350 2776 1613 2837 caeteris
1645 2776 1908 2857 copiose
1950 2795 2142 2853 exor-

244 2872 419 2934 navit
452 2871 822 2933 wielandus
836 2918 856 2948 ,
915 2875 1018 2934 cui
1087 2873 1404 2958 suffragati
1476 2882 1620 2937 sunt
1674 2896 1875 2956 nuper
1931 2874 2142 2935 Thor-

246 2971 512 3033 beckius
547 2971 638 3031 dc
681 2971 852 3032 Asin.
892 2972 1195 3036 Pollionis
1238 2976 1358 3037 vit.
1401 2997 1464 3057 p.
1491 2978 1594 3037 71.
1638 2981 1703 3036 et
1744 2975 1820 3035 Η.
1850 2973 2141 3053 Meyerus

243 3072 313 3131 in
374 3070 619 3152 Fragm.
666 3069 862 3131 Oratt.
908 3073 1093 3135 Rom.
1135 3097 1200 3156 p.
1233 3076 1381 3136 218.
1482 3075 1614 3137 Sed
1669 3074 1835 3136 hanc
1885 3093 2141 3155 quoque
2228 3093 2236 3157 ’ἐ

222 3171 615 3251 ‘opinionem
665 3169 961 3233 refellunt
1016 3181 1306 3257 tempora
1347 3183 1413 3237 et
1453 3196 1555 3237 res
1572 3220 1593 3253 ,
1649 3196 1805 3256 quas
1850 3175 1929 3235 ab
1971 3173 2141 3235 illius
2234 3164 2236 3183 ¹

248 3270 527 3350 patronis
570 3269 835 3329 nimium
878 3273 1192 3355 neglectas
1235 3295 1370 3336 esse
1411 3275 1627 3336 miror.
1712 3275 1997 3336 Primum
2037 3273 2143 3337 ille

247 3368 540 3429 Consulis
594 3367 760 3430 filius
800 3367 930 3452 jam
973 3392 1028 3432 a.
1074 3374 1147 3434 U.
1192 3373 1262 3436 C.
1300 3376 1485 3453 688„
1542 3395 1691 3457 ergo
1734 3395 1901 3435 anno
1943 3373 2140 3455 priuS,

253 3488 447 3548 quam
500 3468 797 3542 Horatius
855 3480 1248 3550 nasceretur,
1316 3473 1388 3534 P.
1434 3472 1682 3551 Sullae,
1742 3473 1986 3535 consuli
2029 3473 2141 3532 de-

249 3567 487 3649 signato
507 3613 526 3645 ‚
589 3569 699 3630 sed
757 3569 1030 3637 ambitus
1085 3578 1407 3650 accusato,
1468 3574 1700 3656 eripuit
1740 3571 2142 3635 Consulatum
