2236 3932
850 188 1194 234 excussus
1235 191 1286 232 1.
1871 169 2001 232 3⁰3

104 330 283 392 annis
336 335 517 411 post,
590 335 662 389 ut
715 326 902 389 docet
954 325 1446 408 Oudendorpius
1502 327 1583 387 ad
1627 347 1684 388 c.
1719 329 1785 388 7.·
1867 326 2004 390 Hac

105 428 463 512 conjectura
508 427 682 488 ducti
723 425 1048 508 ponimus,
1106 425 1382 487 Nonium
1425 446 1593 486 anno
1636 426 1713 486 U.
1753 425 1823 486 C.
1852 429 2002 505 726.

102 550 286 592 crure
350 527 739 588 debilitatmn
806 526 1051 586 circiter
1117 545 1313 587 annos
1375 527 1454 586 l4
1494 559 1583 570 —
1625 526 1726 585 18.
1782 532 2009 586 natum·

101 628 316 689 fuisse.
413 625 581 684 Eum
635 625 823 707 igitur
863 624 1207 707 AugustuS,
1278 631 1347 686 ut
1404 624 1742 687 Suetonius
1785 632 2004 686 auctor

100 735 232 803 est,
290 734 519 805 torque
577 743 772 784 aureo
843 724 1131 800 donavit,
1198 743 1543 806 passusque
1598 729 1725 801 est,
1792 724 2001 805 ipsum

98 832 510 907 posterosque
579 821 749 884 ferre
817 820 1142 904 Torquati
1197 843 1566 906 cognomen.
1671 823 1750 884 In
1809 824 2002 884 Com-

97 924 487 985 mentatione
531 923 611 982 de
640 921 852 984 Cassio
881 922 1207 982 Parmensi
1250 930 1301 995 §.
1331 923 1393 982 4.
1436 924 1711 1003 probare
1755 923 2002 984 studui-

95 1045 272 1100 mus,
333 1023 505 1083 lumc
547 1021 959 1102 Asprenatem
999 1019 1273 1082 Nonium
1316 1041 1373 1082 a.
1419 1022 1492 1081 U.
1527 1024 1595 1084 C.
1627 1023 1774 1084 745.
1819 1031 2001 1084 caus-

97 1144 232 1183 sam
283 1121 575 1185 veneficii
634 1122 900 1198 dixisse,
977 1127 1304 1181 accusante
1348 1119 1562 1182 Cassio
1622 1121 1864 1184 Severo
1926 1143 2002 1184 ac

99 1222 474 1282 defendente
539 1221 761 1282 Asinio
818 1220 1103 1282 Pollione
1121 1263 1140 1296 ,
1211 1238 1487 1300 eumque
1543 1221 1748 1282 videri
1805 1221 2000 1283 fuisse

93 1321 296 1382 filium
335 1321 523 1381 Nomi
559 1320 928 1401 Asprenatis
942 1363 962 1396 ,
1024 1319 1135 1399 qui
1178 1326 1716 1380 commemoretur
1757 1323 1835 1381 ab
1863 1322 2000 1382 Au-

95 1428 271 1482 ctore
328 1422 409 1482 de
465 1420 541 1480 B.
598 1420 788 1481 Afric.
848 1439 903 1480 c.
959 1421 1067 1479 80.
1179 1419 1383 1495 Quam
1452 1408 1794 1501 gratiosus
1832 1423 1999 1502 apud

93 1521 446 1603 Augustum
500 1517 727 1596 fuerit,
799 1519 1180 1579 documento
1237 1523 1383 1576 sunt
1440 1538 1514 1578 ea
1558 1539 1720 1598 quae
1765 1517 2000 1581 Sueto-

93 1618 234 1678 nius
278 1638 334 1678 c.
370 1619 472 1679 56.
530 1623 768 1678 narrat.
864 1614 1020 1698 Ejus
1063 1615 1267 1676 affinis
1310 1616 1483 1677 haud
1527 1619 1719 1678 dubie
1759 1617 1880 1678 fuit
1919 1618 2000 1679 L.

91 1716 329 1778 Nonius
372 1719 686 1799 Asprenas
702 1762 722 1795 ,
783 1717 853 1778 P.
898 1715 1176 1792 Quintilii
1218 1714 1372 1777 Vari
1413 1717 1482 1777 in
1527 1717 1868 1779 Germania
1907 1719 2001 1780 le·-

92 1823 307 1898 gatuS‚
382 1818 463 1878 ‹le
517 1838 644 1899 quo
702 1815 1007 1878 nonnulla
1065 1816 1230 1876 dicta
1284 1824 1430 1878 sunt
1484 1817 1553 1878 in
1607 1817 1903 1879 Excursu
1944 1817 1997 1878 I.

92 1917 174 1975 ad
231 1915 585 1996 Comment.
631 1917 712 1978 de
755 1915 833 1976 L.
883 1914 1076 1975 Vario
1121 1916 1336 1978 Poeta.
1422 1916 1660 1978 Nonius
1675 1961 1696 1994 ,
1742 1919 1823 1979 ‹le
1868 1940 2003 2000 quo.

90 2014 194 2076 hic
237 2036 445 2076 sermo
502 2024 630 2093 est,
688 2035 1001 2096 nusquam
1058 2015 1242 2093 alibi,
1297 2019 1487 2099 quod
1531 2017 1757 2094 sciam,
1819 2038 1997 2079 com-

90 2123 514 2193 memoratur,
599 2116 721 2176 nisi
791 2115 958 2175 forte
1015 2114 1386 2196 impositum
1443 2117 1505 2179 ei
1571 2118 1651 2178 ab
1717 2116 2002 2201 Augusto

99 2214 423 2296 Torquati
473 2236 705 2276 nomen
759 2235 876 2275 usu
934 2221 1124 2294 atque
1183 2218 1553 2278 auctoritate
1601 2218 1690 2278 ita
1730 2237 1996 2298 praeva-

91 2314 241 2389 luit,
313 2321 399 2374 ut
432 2335 671 2376 nomen
740 2311 877 2395 ejus
932 2315 1166 2396 gentile
1224 2337 1482 2398 prorsus
1548 2316 1995 2385 obsolesceret.

88 2413 250 2474 Huic
313 2414 600 2495 opinioni
668 2412 998 2496 suffragari
1067 2415 1315 2476 videtur
1368 2415 1705 2498 Inscriptio
1758 2417 1998 2478 Romae

89 2511 344 2574 inventa
384 2515 553 2594 apud
597 2513 852 2575 Gruter.
900 2511 1331 2574 CLXXXVII.
1378 2517 1508 2576 10.=

391 2611 467 2673 L.
507 2612 928 2675 MANLIO.
1017 2615 1092 2690 Q.
1137 2610 1687 2691 TORQUATO

458 2811 671 2873 IMP.
734 2811 1155 2875 CAESAR.
1240 2812 1499 2878 DIVI.
1571 2812 1661 2874 F.

774 2911 1309 2975 AUGUSTUS

310 3009 612 3073 PONT.
667 3010 922 3072 MAX.
977 3011 1254 3072 TRIB.
1315 3009 1548 3074 POT.
1593 3013 1774 3074 XVII

807 3109 1367 3173 1M1’.X1111.·

84 3208 195 3269 ubi
252 3171 561 3272 Gruterus
613 3211 907 3288 adnotat,
965 3210 1109 3272 illos
1152 3210 1456 3272 Consules
1513 3210 1805 3273 suffectos
1849 3233 1990 3276 esse

83 3327 170 3368 ex
212 3308 359 3369 kal.
402 3309 755 3371 Sextilibus
799 3330 856 3370 a.
903 3310 976 3371 U.
1022 3310 1091 3371 (J.
1137 3311 1283 3372 748.
1373 3310 1469 3371 Cf.
1513 3311 1715 3393 l’ighii
1756 3312 1989 3374 Annal.

82 3408 161 3467 ad
206 3428 262 3468 a.
296 3408 368 3468 U.
398 3408 468 3469 O.
502 3410 646 3470 747.
692 3432 756 3490 p.
785 3410 930 3471 527.
976 3410 1378 3471 Burmannus
1426 3411 1507 3471 ad
1543 3408 1806 3471 Suetou.
1831 3413 1988 3496 Aug.

83 3527 138 3567 c.
170 3511 228 3566 ⁵.
274 3508 551 3584 dubitat,
596 3530 751 3569 num
793 3509 860 3570 iu
899 3509 1006 3570 illa
1040 3509 1458 3591 Inscriptione
1486 3508 1724 3570 Nonius
1750 3510 1988 3592 Aspre-

83 3626 197 3668 nas
222 3606 661 3691 intelligendum
703 3607 819 3682 sit,
855 3629 999 3670 cum
1042 3609 1400 3691 Asprenatis
1430 3628 1782 3690 cognomen
1808 3611 1987 3673 desit.
