2236 3932
211 144 335 204 136
797 163 880 202 m:
927 163 986 202 1..
1020 161 1228 202 VAluo
1273 148 1514 202 POETA.

206 297 393 358 facile
435 296 777 378 permutari
817 302 1093 377 poterat3
1151 301 1488 376 utrumque
1547 296 1736 356 etiam
1778 303 2109 379 cognatum

206 402 322 473 est,
370 395 422 457 si
449 396 708 476 quidem
752 416 838 456 ex
882 401 1069 475 gente
1106 392 1295 455 Allia
1319 392 1602 467 Allieni,
1645 394 1932 455 Nasidia
1967 398 2111 457 Να-

205 494 474 569 sidieni,
553 493 782 556 Cluuia
848 491 1178 567 Cluvieni,
1260 492 1456 575 Ta’pia
1523 491 1812 575 T-ipiem‘,
1886 495 2113 557 Clodia

213 592 504 656 Clodieni
542 593 690 653 dicti
732 598 907 652 sunt:
970 591 1200 671 quibus
1244 593 1557 673 exemplis
1599 613 1752 653 usus
1795 598 1888 654 est
1927 593 2114 655 Vino.

208 691 574 754 Lancettius
616 692 660 749 1.
691 711 745 750 0.
788 712 852 770 p.
886 692 948 751 8.
967 733 988 767 ,
1031 696 1106 750 ut
1147 690 1475 770 probabile
1516 692 1842 769 redderet,
1886 695 1958 755 P.
1989 691 2117 753 Al-

188 791 439 873 fenum
501 789 759 852 Varum
813 788 1017 849 Ictum
1034 831 1055 863 ,
1129 809 1325 870 quum
1393 788 1740 873 Cremonae
1811 791 2117 852 sutrinam

209 891 481 965 faceret,
554 887 944 968 appellatum
997 888 1191 949 fuisse
1244 885 1536 968 Alfium,
1604 891 1717 950 sed
1772 891 2034 972 posthac
2080 909 2120 951 a

203 989 282 1050 P.
342 986 641 1064 Quintilio
713 985 919 1065 Varo,
991 986 1238 1070 Virgilii
1290 987 1527 1065 amico,
1595 991 1961 1070 adoptatum
2018 1010 2120 1051 as·
2230 1019 2236 1024 ·

100 1128 106 1142 ³
213 1087 554 1169 sumpsisse
607 1088 685 1147 P.
726 1084 972 1167 Alfeni
1028 1087 1100 1149 V
1090 1085 1204 1147 ari
1249 1105 1507 1147 nomen.
1606 1089 1892 1153 Mirabile
1944 1110 2120 1151 com-

212 1182 539 1250 mentum!

386 1285 678 1366 Denique
720 1285 889 1347 inter
929 1285 1099 1346 illius
1155 1285 1376 1346 aetatis
1424 1286 1494 1349 V
1486 1307 1643 1348 aros
1684 1289 1967 1349 animum
2009 1289 2124 1350 ad-

214 1385 410 1448 vertit
451 1390 743 1447 nostrum
784 1386 890 1447 ille
902 1429 922 1462 ,
982 1386 1085 1447 cui
1126 1385 1420 1448 Horatius
1460 1387 1774 1468 inscripsit
1815 1387 1995 1448 Libri
2036 1387 2123 1450 Π.

218 1483 426 1547 Odam
440 1487 504 1546 7.
591 1484 728 1545 Hoc
774 1504 1028 1546 carmen
1067 1484 1139 1544 in
1182 1483 1381 1546 Cocld.
1414 1485 1591 1546 Mstis
1615 1494 1680 1547 et
1706 1486 1901 1547 Editt.
1931 1488 2123 1571 vulgo

215 1585 580 1646 inscribitur
620 1585 727 1646 vel
768 1583 886 1646 Ad
926 1570 1304 1666 Pompeium
1359 1585 1465 1647 vel
1506 1584 1623 1646 Ad
1671 1586 1927 1649 Varum
1940 1630 1964 1661 ,
2018 1587 2124 1649 vel

216 1683 335 1746 Ad
373 1686 754 1766 Pompejum
801 1684 873 1746 V
863 1705 1065 1745 arum.
1097 1684 1205 1746 vel
1244 1683 1362 1745 Ad
1401 1678 1798 1766 Pompilium
1846 1685 2123 1748 Varum.

218 1784 617 1844 Postremum
659 1783 913 1842 titulum
961 1779 1091 1863 jam
1147 1803 1211 1845 v.
1249 1780 1310 1843 5.
1371 1785 1765 1864 corruptelae
1810 1785 2089 1867 coarguit
2101 1807 2123 1859 ,-

219 1883 392 1944 idem
449 1902 670 1944 versus
728 1886 942 1944 tuetur
998 1902 1145 1942 eum
1159 1925 1180 1959 ,
1241 1902 1436 1962 quem
1486 1883 1693 1963 primo
1736 1883 1877 1944 loco
1919 1885 2127 1965 posui.

221 1981 366 2043 Jam
420 1981 679 2043 fuerunt
734 1979 872 2041 Viri
925 1980 1144 2059 Docti,
1204 1982 1429 2063 quibus
1484 2003 1618 2043 non
1661 1983 1922 2043 dubium
1965 1989 2129 2044 esset

225 2081 378 2162 quin
420 2081 595 2142 idem
636 2076 977 2163 Pompeius
1023 2087 1190 2142 esset
1229 2081 1705 2163 intelligendus,
1762 2101 1956 2162 quem
1996 2082 2130 2143 Ho-

239 2181 434 2243 ratius
475 2181 676 2257 Iccio,
736 2199 1067 2263 agrorum,
1113 2201 1271 2261 quos
1296 2179 1572 2261 Agrippa
1614 2167 1684 2240 in
1727 2179 1941 2241 Sicilia
1981 2201 2131 2260 pos-

229 2281 509 2359 sidebat,
563 2280 958 2361 procuratori
1001 2279 1465 2342 commendavit
1507 2278 1685 2340 Libr.
1715 2280 1767 2341 I.
1809 2279 2007 2361 Epist.
2031 2282 2127 2341 12.

229 2399 296 2442 v.
342 2382 447 2440 21.

318 2479 562 2541 Verum
605 2502 722 2542 seu
753 2478 970 2562 pisces
1011 2500 1125 2541 seu
1158 2501 1439 2562 porrum
1481 2489 1542 2540 et
1584 2501 1778 2562 caepe
1811 2478 2130 2554 trucidas,

325 2579 517 2640 Utere
558 2581 863 2662 Pompeio
914 2579 1212 2661 Grospho
1239 2590 1354 2655 et,
1418 2579 1480 2641 si
1516 2579 1674 2663 quid
1713 2589 1914 2662 petet,
1956 2580 2132 2638 ultro

243 2759 255 2764 ᾖ
311 2679 552 2759 Defert
596 2678 699 2739 nil
732 2678 1072 2760 Grosphus
1100 2677 1236 2740 uisi
1256 2701 1481 2740 verum
1509 2678 1717 2739 orabit
1749 2688 1811 2738 et
1836 2699 2131 2760 aequum.

229 2777 406 2838 Hanc
447 2777 797 2855 Epistolam
841 2779 924 2838 ob
970 2800 1034 2841 v.
1079 2780 1183 2839 26.
1244 2779 1540 2857 scriptam
1591 2797 1727 2838 esse
1767 2783 1923 2855 puto
1966 2796 2133 2836 anno

232 2877 306 2936 U.
353 2875 422 2936 G.
463 2876 649 2954 735„
709 2899 838 2957 quo
883 2898 1048 2937 anno
1092 2877 1180 2936 M.
1219 2877 1496 2960 Agrippa
1541 2876 1883 2938 Cantabros
1928 2877 2134 2936 denuo

233 2956 610 3036 rebellantes
636 2977 862 3037 devicit
893 2976 1296 3058 devictosque
1325 2977 1700 3058 perdomuit,
1745 2982 1903 3037 auct.
1929 2975 2134 3035 Dione

238 3076 405 3136 Cass.
461 3074 640 3135 Libr.
681 3073 851 3134 LIV.
907 3097 959 3136 c.
1012 3078 1114 3136 ll.
1173 3076 1555 3137 Scholiastes
1600 3075 1788 3156 Cruq.
1851 3075 1931 3136 ad
1974 3075 2038 3135 h.
2088 3074 2135 3133 l.

233 3175 631 3255 „Pompejus
693 3174 1030 3254 Grosphus
1089 3175 1338 3236 amicus
1376 3175 1528 3256 fuit
1569 3174 1874 3249 Horatii,
1953 3175 2138 3251 cujus

234 3272 525 3333 merninit
565 3272 638 3332 in
686 3271 841 3332 Odc‘s
852 3315 875 3346 ,
922 3294 1108 3353 eques
1136 3296 1221 3334 ex
1251 3273 1469 3334 Sicilia
1494 3274 1879 3335 oriuudtw.“
1942 3271 2137 3333 Gros-

237 3372 365 3449 pho
413 3372 661 3434 cuidam
701 3372 996 3450 inscripta
1027 3380 1123 3433 est
1147 3373 1326 3433 Libr.
1358 3372 1443 3433 II.
1490 3371 1627 3433 Oda
1662 3375 1796 3450 16„
1839 3372 1950 3432 ubi
1976 3371 2136 3429 Por-

237 3471 546 3548 phyrionz
597 3474 805 3549 „Hac
866 3471 1012 3531 oda
1077 3472 1445 3555 Grosphum
1457 3515 1482 3547 ,
1540 3472 1844 3555 Equitem
1886 3471 2136 3530 Roma·

239 3590 400 3629 ‘nmn
442 3570 830 3653 alloquitur,
875 3568 1346 3644 Siciliensem;“
1389 3578 1456 3632 et
1497 3591 1533 3632 a
1568 3570 1915 3632 Scholiasta
1944 3566 2130 3647 Cruq.
