2236 3932
222 146 337 203 178
795 163 874 203 nn
922 163 1145 202 GAss1o
1192 163 1556 202 PARMENsr.

215 300 432 359 Horat.
457 297 659 379 Epod.
698 298 821 375 VL,
870 297 999 357 Sat.
1033 297 1086 356 I.
1121 299 1220 356 10.
1263 317 1327 357 v.
1356 298 1477 373 62,
1520 296 1718 379 Epist.
1743 299 1796 360 Ι.
1827 300 1889 360 4.
1932 322 1996 363 v.
2016 302 2102 378 3.,

214 394 315 458 JO.
345 397 704 456 Harduinus
732 398 799 456 in
841 396 980 454 Iud.
1024 396 1211 454 Auct.
1230 449 1235 459 ,
1255 395 1417 454 Plin.
1436 395 1623 456 Tom.
1646 397 1729 457 X.
1766 420 1831 478 p.
1851 400 1995 458 288.
2012 421 2106 479 sq.

215 495 359 573 Fz.,
406 496 541 572 alii,
587 499 858 576 quorum
901 512 1148 554 errores
1189 493 1292 554 hic
1319 514 1527 574 neque
1555 494 1826 572 referre,
1870 499 2111 557 nedum

214 596 536 678 exagitare
601 612 828 673 operae
881 593 1040 652 mihi
1096 593 1238 653 erit.
1348 594 1544 670 Quid,
1618 596 1789 674 quod
1846 596 1981 676 ipse
2036 597 2106 656 P.

214 694 467 773 Baylius
485 738 502 769 ,
549 692 661 771 qui
704 710 845 750 eam
886 711 1026 751 rem
1067 691 1136 750 in
1178 692 1449 752 Diction.
1493 695 1573 753 T.
1605 693 1689 754 Π.
1732 716 1798 775 p.
1832 696 1931 754 74.
1966 716 2108 776 sqq.
2145 689 2148 691 Δ

213 794 306 853 uti
348 791 690 873 copiosiuS,
734 790 823 849 ita
867 791 1128 851 caeteris
1156 791 1503 873 diligentius
1531 813 1788 873 quoque
1811 800 2109 856 tractasse

214 891 334 953 sibi
375 892 547 952 visus
590 895 719 966 est,
762 895 1013 948 tantum
1056 890 1232 950 abest
1273 896 1343 949 ut
1376 911 1630 951 omnem
1668 893 2111 955 obscuritatem

213 990 789 1070 dubitationemque
814 989 1166 1065 sustulerit,
1211 994 1281 1048 ut
1313 994 1527 1050 contra
1553 991 1902 1070 protulerit,
1950 1013 2112 1074 quae

214 1110 298 1150 ex
358 1080 523 1150 vfflio
585 1087 807 1148 hausta
880 1108 1019 1148 esse
1078 1087 1484 1148 manifestum
1551 1096 1674 1165 est,
1744 1091 1841 1151 uti
1898 1092 2112 1153 docuit

213 1188 384 1269 Scip.
441 1184 729 1269 Maffej'us
783 1187 850 1247 in
906 1187 1156 1248 Verona
1208 1186 1522 1248 Illustrata
1580 1187 1844 1268 (Veron.
1892 1191 2111 1270 1781.)

208 1289 369 1348 Part.
398 1286 482 1347 H.
526 1308 592 1368 p.
626 1288 729 1347 29.
760 1308 930 1367 sqq„
989 1283 1168 1370 cujus
1212 1288 1584 1368 perdoctam
1627 1287 2112 1368 disputationem

209 1387 413 1469 patrio
455 1386 770 1447 redditam
812 1407 1102 1446 sermone
1147 1406 1293 1447 cum
1336 1387 1842 1450 adnotationibus
1875 1409 2113 1470 propo-

210 1486 336 1547 suit
391 1485 744 1545 Kordesius
801 1487 882 1545 ad
934 1485 1314 1546 Eberhardti
1357 1485 1549 1548 Sueci
1601 1486 1742 1546 libr.
1801 1487 2000 1547 Ueber
2043 1490 2110 1547 d.

211 1586 511 1645 Zustand
566 1586 630 1644 d.
690 1585 912 1646 scho‘n.
960 1584 1527 1666 Wissenschcfften
1583 1585 1642 1645 b·
1688 1588 1752 1646 d.
1796 1571 2110 1646 Ro‘mern.

209 1694 261 1759 ς.
298 1686 400 1746 34.
444 1706 508 1765 p.
543 1680 686 1743 191.
718 1705 858 1764 sqq.
958 1685 1200 1746 Verum
1255 1691 1467 1749 tamen
1509 1681 1798 1767 Maflejus
1854 1706 2112 1766 quoque

207 1784 511 1844 nonnulla
583 1783 858 1862 scripsit,
930 1804 1092 1864 quae
1159 1784 1422 1845 minime
1498 1783 1687 1845 fidem
1754 1792 2115 1846 mereantur

210 1901 555 1963 omnesque
599 1881 871 1942 habeant
912 1883 1476 1946 verisimilitudinis
1489 1927 1510 1962 ‚
1553 1885 1790 1945 nedum
1831 1884 2113 1963 veritatis

208 2002 533 2046 numerOS.

379 2081 557 2163 Quae
614 2103 757 2144 cum
813 2082 899 2143 ita
952 2083 1104 2161 sint,
1170 2104 1579 2169 nequaquam
1634 2103 1740 2143 me
1785 2103 1931 2143 eum
1976 2103 2112 2143 esse

209 2181 517 2258 arbitror,
585 2182 698 2262 qui
737 2203 913 2260 rem,
968 2184 1044 2261 in
1103 2205 1229 2265 qua
1270 2186 1444 2266 ipsos
1485 2190 1735 2246 veteres
1781 2182 2113 2263 scriptores

208 2281 313 2343 vel
366 2280 708 2342 haesitasse
762 2283 862 2343 vel
929 2302 1171 2345 errasse
1243 2284 1818 2364 deprehendemus,
1890 2301 1927 2341 a
1982 2301 2110 2357 me,

211 2380 487 2441 discussa
517 2381 690 2442 omni
723 2382 1144 2457 obscuritate,
1190 2384 1271 2444 ad
1298 2383 1608 2463 liquidum
1635 2380 1899 2462 perduci
1929 2400 2113 2461 posse

208 2500 480 2561 sperem.
566 2480 733 2541 Illud
777 2488 990 2542 tamen
1019 2482 1138 2543 hac
1165 2483 1231 2542 in
1265 2466 1604 2563 scriptione
1634 2501 1893 2561 operam
1927 2481 2112 2557 dabo,

208 2585 307 2654 ut,
367 2599 529 2668 quae
583 2577 714 2661 jam
757 2581 970 2640 subtili
1013 2581 1282 2642 aliormn
1323 2580 1800 2663 investigatione
1846 2579 2114 2662 cognovi

207 2678 529 2739 verissime
573 2679 885 2760 disputata
930 2701 1097 2757 esse,
1142 2681 1486 2742 rationibus
1516 2682 1725 2740 denuo
1772 2700 1919 2739 cum
1964 2697 2112 2738 cura

207 2777 533 2837 subductis
549 2821 570 2854 ,
646 2780 948 2860 recipiam
1006 2787 1100 2856 et,
1166 2801 1328 2862 quae
1376 2786 1651 2855 exstant,
1712 2778 2112 2858 antiquorum

208 2877 579 2956 scriptorum
621 2879 992 2939 testimoniis
1035 2881 1222 2960 plene
1267 2887 1332 2939 et
1378 2900 1524 2940 cum
1566 2878 1690 2938 fide
1736 2875 2113 2937 examinatis

207 2975 508 3053 efficiam,
563 2997 647 3036 ne
690 2978 842 3057 quid
884 2979 950 3039 in
992 2985 1325 3061 posterum
1370 2980 1451 3038 de
1500 2975 1724 3039 Cassio
1770 2972 2124 3035 Parmensi

207 3075 447 3135 dicatur
503 3077 608 3137 vel
660 3077 999 3155 scribatur,
1058 3079 1226 3159 quod
1288 3078 1463 3139 omni
1505 3075 1968 3158 probabilitatis
2011 3093 2117 3134 ra-

204 3174 375 3235 tione
419 3180 482 3235 et
525 3178 1070 3238 commendatione
1116 3179 1480 3238 destitutum
1526 3176 1624 3236 sit.

1071 3357 1122 3422 §.
1179 3350 1239 3408 2.

371 3474 541 3536 Gens
583 3476 1016 3536 Romanorum
1061 3473 1268 3536 Cassia
1310 3477 1380 3536 in
1428 3477 1581 3535 duas
1626 3476 1824 3538 divisa
1866 3474 1988 3534 fuit
2015 3472 2113 3534 fa-

196 3573 430 3650 milias,
489 3581 564 3636 ut
608 3575 823 3636 docuit
864 3574 1040 3637 Fulv.
1077 3573 1342 3640 Ursinus
1408 3577 1477 3636 in
1520 3575 1801 3636 Familiis
1843 3574 2111 3635 Roman.
