2236 3932
660 160 744 202 nn
790 157 1019 202 csssm
1050 158 1419 202 rsnnnzxsn
1860 142 1980 207 211

73 301 260 364 dictis
298 301 734 362 insectaretur.
818 295 1160 378 Postquam
1198 315 1358 360 vero
1387 300 1604 358 orator
1634 297 1986 360 accusando

70 403 486 477 inclaruerat,
542 394 842 458 audacior
896 395 1104 457 factus
1155 415 1242 458 ne
1290 395 1685 478 principibus
1727 396 1987 477 quidem

73 500 343 564 civitatis
383 496 708 580 pepercit,
751 494 972 575 utique
1014 496 1095 556 ab
1138 494 1470 557 timiditate
1513 494 1752 577 pariter
1793 500 1988 576 atquc

75 599 428 662 adulatione
485 593 922 656 alienissimus.
1022 594 1266 676 Atque,
1323 600 1399 655 ut
1455 614 1649 676 supra
1708 594 1987 654 ostendi-

72 720 218 760 mus
231 742 252 775 ,
322 697 438 757 sub
506 692 705 754 finem
764 693 1026 754 demum
1098 693 1352 776 imperii
1404 692 1670 778 Augusti
1737 693 1990 756 Cassius

72 796 448 882 procacibus
508 792 757 874 scriptis
812 792 984 854 viros
1037 791 1434 876 feminasque
1487 793 1761 868 illustres
1805 790 1991 855 diffa-

73 916 255 960 mare
296 899 614 975 coeperat.
700 891 921 972 Itaque
936 934 957 968 ,
1001 898 1362 975 temporum
1388 912 1735 975 rerumque
1765 892 1992 955 ordine

74 1002 366 1059 accurate
408 998 715 1074 spectat0‚
758 1011 890 1051 non
930 990 1123 1053 video
1165 993 1323 1074 quid
1365 993 1578 1054 obstet
1620 1013 1749 1074 quo
1778 992 1990 1053 minus

77 1095 362 1157 Cassium
406 1091 714 1154 Severum
773 1091 853 1151 ab
896 1090 1160 1153 Horatio
1221 1090 1726 1154 virulentissimis
1766 1090 1994 1153 iambis

75 1194 285 1277 Epodi
312 1191 425 1254 VI.
485 1194 846 1253 traductmn
900 1209 1042 1252 esse
1100 1197 1470 1252 statuamuS.
1566 1189 1788 1272 Neque
1831 1211 1994 1273 opus

78 1301 212 1356 erat
253 1300 324 1353 ut
363 1293 531 1353 illius
573 1310 811 1353 nomen
851 1290 920 1350 in
948 1290 1088 1372 ipso
1133 1290 1411 1351 carmine
1438 1290 1716 1370 positum
1751 1292 1998 1375 legere-

78 1402 205 1454 tur.
293 1393 580 1470 Quorum
623 1397 763 1452 tum
802 1388 1107 1451 intererat
1149 1389 1311 1450 scire
1325 1432 1346 1466 ‚
1392 1389 1494 1450 cui
1539 1409 1793 1450 carmen
1834 1389 1996 1451 illud

77 1493 452 1574 inscriptum
509 1497 715 1568 esset,
790 1489 881 1550 eis
938 1488 1111 1548 haud
1163 1489 1356 1550 dubie
1411 1494 1478 1550 et
1534 1488 1784 1550 Cassius
1843 1493 1996 1551 satis

77 1601 265 1654 notus
329 1597 464 1652 erat
530 1596 595 1650 et
666 1588 1257 1669 componendorum
1316 1588 1578 1652 illorum
1632 1589 1998 1651 iamborum

79 1691 358 1767 occasio,
403 1697 470 1751 et
522 1708 607 1750 ne
649 1696 936 1770 posteros
978 1687 1229 1765 lateret,
1286 1689 1706 1771 providerunt
1745 1689 1794 1750 ii
1835 1710 1999 1772 quos

10 1802 13 1808 '
80 1794 162 1853 de
218 1791 504 1873 personis
559 1786 914 1849 Horatianis
973 1787 1299 1869 scripsisse
1351 1789 1608 1850 scimuS.
1712 1788 1819 1851 Ex
1873 1791 2000 1852 hoc

80 1899 296 1953 autem
337 1889 516 1950 fonte
558 1886 786 1955 hausta
827 1893 973 1947 sunt
1014 1908 1090 1948 ea
1107 1933 1127 1966 ,
1186 1909 1350 1970 quae
1404 1889 1574 1972 apud
1617 1887 1999 1952 Scholiastas

80 1992 281 2052 relata
319 1990 607 2073 legimuS.
694 1987 795 2047 Ab
828 1986 926 2047 his
951 1987 1122 2047 idem
1151 1987 1403 2050 Cassius
1431 1989 1784 2071 appellatur
1802 2000 2002 2073 poeta

80 2088 470 2153 maledicus.-
541 2089 609 2148 id
667 2087 840 2169 quod
910 2086 1311 2167 mirationem
1381 2108 1531 2149 sane
1593 2088 1777 2167 facit,
1854 2110 2003 2152 cum

81 2210 272 2252 nemo
331 2189 491 2250 alius
551 2187 935 2269 scriptorum
976 2191 1271 2248 veterum
1316 2189 1397 2250 de
1433 2188 1679 2270 poetica
1721 2186 1860 2272 ejus
1903 2188 2005 2249 fa-
2092 2180 2121 2199 ⁹

84 2291 318 2352 cultate
360 2289 638 2368 aliquam
695 2285 1091 2348 mentionem
1147 2283 1458 2369 injecerit.
1557 2288 1645 2348 At
1686 2287 1810 2349 hoc
1855 2307 2005 2349 cmn

86 2390 281 2472 ipsius
341 2388 580 2449 Horatii
635 2395 775 2445 tum
832 2385 1101 2446 aliorum
1174 2387 1494 2447 silentium
1547 2407 1679 2447 non
1731 2388 2006 2470 impedit

85 2510 215 2572 quo
257 2488 468 2549 minus
511 2507 549 2548 a
593 2485 839 2561 Cassio,
883 2482 1118 2567 juvene
1161 2486 1323 2547 acris
1365 2486 1703 2569 vegetique
1740 2488 2006 2572 ingenii,

23 2662 27 2667 ‚
86 2589 476 2671 suspicemur
520 2584 867 2667 composita
910 2603 1052 2646 esse
1096 2585 1581 2668 epigrammata,
1624 2586 1860 2669 quibus
1901 2587 2007 2648 in·

86 2699 301 2773 tegrae
356 2687 562 2748 famae
619 2684 909 2746 homines
950 2691 1285 2769 pungeret.
1386 2685 1606 2769 Neque
1651 2706 1773 2771 ego
1817 2687 2008 2748 dubi.

88 2788 358 2851 taverim
400 2785 692 2868 procacia
734 2785 852 2844 ista
895 2784 1163 2866 scripta,
1220 2784 1453 2866 quibus
1507 2786 1590 2848 ab
1635 2785 1862 2850 Tacito
1906 2786 2006 2847 di.

90 2890 251 2951 citur
304 2887 575 2948 illustres
632 2884 962 2964 utriusque
1031 2904 1227 2950 sexus
1282 2884 1574 2949 homines
1629 2883 2006 2964 diffamasse,

89 2987 329 3050 referre
389 2986 578 3048 etiam
637 2985 717 3045 ad
773 2983 1122 3045 versiculos
1179 2981 1489 3066 famosos,
1564 2987 1799 3070 quibus
1851 2986 2007 3070 stig-

90 3095 257 3149 mata
314 3087 449 3147 aliis
507 3084 880 3166 imposuerit
949 3084 1199 3165 sibique
1255 3086 1605 3168 perniciem
1659 3086 2008 3168 pepererit.

93 3188 331 3248 verum
390 3193 601 3246 tamen
673 3180 860 3264 hujus
918 3181 1223 3247 facultatis
1296 3185 1350 3246 si
1420 3207 1613 3267 quam
1686 3184 2004 3267 prioribus

92 3287 256 3349 vitac-
326 3285 501 3346 annis
574 3284 844 3364 adeptus
916 3281 1121 3345 fuerat
1191 3284 1479 3362 laudem,
1551 3287 1686 3367 ipse
1744 3284 2006 3367 posthac
2083 3281 2085 3288 ’

93 3385 552 3448 existimandus
594 3391 690 3445 est
735 3382 1101 3445 obscurasse
1146 3384 1546 3466 eloquentiae
1590 3403 1742 3446 suae
1786 3384 2003 3468 splen-

96 3486 288 3561 dore,
347 3484 414 3542 in
459 3503 586 3564 quo
631 3484 1186 3545 commemorando
1228 3485 1417 3546 unice
1458 3483 1690 3546 versati
1734 3489 1879 3545 sunt
1919 3482 2010 3544 Μ.

95 3582 370 3661 Seneca,
428 3583 680 3643 Tacitus
725 3588 789 3643 ct
834 3581 1264 3658 Quintilianus.
1354 3583 1746 3647 Scholiastae
1791 3590 2006 3645 autem

1533 3684 1612 3745 14
1637 3685 1670 3719 ¹*
