2236 3932
84 164 90 169 ”
194 157 314 219 166
789 182 870 221 nr.
917 183 975 226 1..
1010 182 1218 225 vAmo
1265 182 1504 222 roEwA.

195 313 608 393 sustinuerat,
669 322 920 376 mortuo
978 317 1238 377 demum
1298 315 1603 396 suscepit:
1679 315 1833 376 obiit
1890 322 2099 377 autem

195 415 477 495 Lepidus
523 435 686 475 anno
712 415 787 475 U.
819 413 887 474 C.
915 415 1061 473 741.
1081 457 1100 490 ‚
1144 420 1219 473 ut
1249 414 1547 475 discimus
1591 434 1670 475 ex
1696 414 1900 474 Dione
1928 413 2098 474 Cass·

196 514 373 575 Libr.
401 512 566 574 LIV.
611 534 665 573 c.
699 516 802 572 27.
848 517 914 571 et
956 512 1311 593 Augustum
1352 533 1572 574 mense
1634 513 1890 573 demum
1931 511 2102 572 Mar-'-

197 613 288 677 tio
333 632 390 672 a.
435 611 502 671 U.
547 610 614 670 C.
658 612 805 671 742.
862 616 1227 689 cooptatum
1287 631 1424 673 esse
1479 610 1851 672 Pontificem
1891 609 2101 670 Maxi-

200 732 380 771 mum
435 707 712 770 ostendit
766 706 816 764 F
819 707 1106 788 ogginius
1162 711 1240 769 ad
1283 709 1332 769 F
1335 716 1499 770 astos
1542 711 1860 770 Praenest.
1903 730 1967 789 p.
1997 710 2100 768 23.

200 808 422 888 Neque
464 812 618 886 puto
664 825 812 864 eum
853 826 1104 866 morum
1145 807 1481 890 legumque
1522 808 1778 868 nomine
1819 807 2102 887 potuisse

200 908 377 987 prius
419 903 689 979 laudari,
735 891 927 983 quam
969 906 1308 986 recepisset
1335 925 1588 966 morum
1628 907 1964 987 legumque
2000 924 2103 964 re-

203 1006 412 1087 gimen
467 1008 884 1083 perpetuum,
958 1004 1132 1083 quod
1190 1025 1358 1065 anno
1417 1005 1493 1065 U.
1543 1005 1613 1066 C.
1658 1004 1807 1065 735.
1866 1003 2104 1064 factum

202 1122 339 1163 esse
395 1107 613 1163 auctor
670 1107 767 1162 est
822 1101 944 1162 Dio
1009 1100 1180 1163 Cass,
1238 1102 1415 1163 Libr.
1460 1101 1630 1164 LIV.
1687 1123 1743 1164 c.
1789 1104 1925 1180 10„
1983 1121 2105 1162 nec

202 1202 376 1282 prius
394 1245 412 1278 ,
487 1220 681 1280 quam
736 1200 1010 1261 dedisset
1064 1201 1271 1284 legem
1328 1201 1562 1263 Juliam
1618 1202 1699 1262 de
1755 1201 2101 1277 adulteriis,

202 1319 394 1380 quam
451 1298 642 1359 latam
684 1319 821 1362 esse
864 1300 1095 1361 scimus
1138 1322 1300 1362 anno
1343 1301 1420 1362 U.
1466 1300 1538 1362 C.
1583 1300 1734 1361 736.
1776 1307 1886 1361 aut
1926 1300 2106 1360 initio

202 1398 350 1458 anni
392 1399 465 1458 U.
500 1397 568 1458 C.
594 1400 741 1461 737.
758 1443 778 1476 ,
822 1406 896 1459 ut
922 1400 1271 1461 docuertmt
1300 1399 1769 1461 Stockmannus
1809 1401 1878 1459 in
1910 1399 2107 1460 Chre-

203 1496 541 1559 stomathia
595 1497 762 1561 Juris
817 1498 1035 1560 Horat.
1095 1500 1371 1580 Specim.
1413 1499 1587 1562 VIH.
1642 1522 1708 1582 p.
1740 1499 1863 1560 ΙΙΙ.
1902 1498 2107 1579 (Lips.

208 1597 424 1676 1810.)
498 1603 566 1658 et
632 1598 849 1658 Bachii
876 1600 879 1606 ’
905 1598 1140 1660 Histor.
1198 1597 1466 1679 Jurispr.
1525 1600 1710 1661 Rom.
1768 1598 1946 1658 Libr.
1993 1597 2109 1657 ΙΙΙ.

206 1695 356 1777 Cap.
389 1696 450 1756 l.
480 1695 667 1758 Sect.
697 1700 760 1757 2.
805 1705 856 1770 §.
891 1700 953 1758 2.
997 1720 1062 1779 p.
1092 1698 1239 1758 320.
1324 1698 1526 1759 Porro
1551 1682 1691 1758 Vir'
1714 1697 2110 1758 doctissimus

204 1801 417 1878 urget,
463 1797 636 1876 quod
681 1816 717 1857 a
758 1795 962 1858 Dione
1007 1796 1173 1858 CaSS.
1215 1795 1388 1858 Libr.
1415 1795 1585 1857 LIV.
1631 1817 1687 1857 c.
1717 1798 1821 1857 36.
1864 1800 2111 1855 tantum

203 1901 525 1975 narretur,
582 1897 910 1959 decretum
951 1895 1141 1957 fuisse
1156 1939 1176 1973 ,
1233 1902 1308 1956 ut
1348 1894 1387 1957 J
1390 1917 1543 1957 anus
1587 1895 1892 1958 Geminus
1937 1893 2112 1955 clau-

205 1995 495 2074 deretur,
539 1997 655 2058 sed
697 2017 825 2079 quo
867 1996 1077 2058 minus
1118 1997 1186 2057 id
1227 1994 1443 2074 fieret,
1501 1996 1706 2056 Dacos
1749 2000 1812 2055 et
1851 1992 2112 2053 Dalma-

204 2100 299 2155 tas
343 2094 676 2159 obstitisse.
761 2095 848 2156 At
889 2095 1052 2157 hanc
1095 2094 1532 2157 difficultatem
1572 2095 1737 2155 bene
1780 2091 2112 2175 expedivit

205 2192 532 2257 Massonus
588 2196 658 2256 in
710 2195 870 2264 Jano
927 2195 1144 2257 Reser.
1203 2193 1370 2256 Sect.
1415 2192 1533 2255 111.
1591 2213 1647 2254 c.
1697 2193 1798 2253 11.
1854 2213 1921 2273 p.
1959 2192 2110 2252 210.

205 2313 338 2353 11011
379 2299 631 2356 temere
657 2294 940 2357 referens
995 2295 1194 2358 verba
1234 2293 1488 2355 Dionis:
1553 2295 1648 2351 καὶ
1687 2292 1798 2350 ὅσα
1844 2293 1942 2350 ἐπὶ
1993 2295 2115 2359 ταῖς

207 2394 385 2463 νίκαις
427 2396 739 2472 ἐψήφιστο,
790 2391 830 2472 ἢ
878 2398 973 2454 καὶ
1020 2391 1200 2464 ἄλλως
1251 2394 1572 2471 καθήκοντα
1619 2394 1913 2469 γενέσθαι,
1982 2391 2115 2449 ἒπε-

207 2495 432 2552 ὡὲλεσαν
475 2495 663 2555 etiam
705 2493 785 2568 ad
825 2495 1055 2558 Janum
1096 2493 1335 2576 pacatis
1377 2491 1501 2551 illis
1534 2490 1781 2573 populis
1809 2508 1963 2553 vere
1997 2489 2116 2550 ob-

207 2583 486 2655 seratum
528 2615 692 2655 anno
727 2595 804 2655 U.
832 2593 901 2656 C.
925 2595 1072 2656 744.
1157 2593 1375 2673 Neque
1417 2590 1566 2652 huic
1610 2589 1955 2651 sententiae
2000 2588 2116 2649 ad-

208 2699 527 2770 versatur,
572 2695 744 2774 quod
785 2689 963 2757 Jano
990 2693 1251 2755 tertium
1294 2692 1503 2753 clauso
1530 2687 1798 2774 subjecit
1823 2687 2114 2763 ParthoS,

210 2793 323 2875 qui
363 2793 625 2854 redditis
653 2814 820 2855 anno
849 2796 927 2855 U.
959 2793 1027 2854 G.
1055 2793 1202 2855 734.
1249 2789 1440 2874 signis
1471 2789 1742 2851 Romam
1771 2787 2114 2849 formidare

211 2897 568 2974 coeperant.
654 2891 785 2954 Sed
827 2891 1364 2975 quemadmodum
1405 2909 1593 2971 saepe
1633 2887 1932 2949 Horatius
1966 2890 2116 2946 ante

210 2993 391 3053 illum
433 3013 671 3052 annum
713 2993 1079 3053 adhortatus
1121 2990 1327 3051 fuerat
1369 2989 1750 3072 Augustum,
1793 2993 1866 3047 ut
1906 3006 1989 3047 ne
2031 2985 2117 3045 si-

211 3097 393 3152 neret
433 3089 654 3153 Medos
698 3092 984 3171 equitare
1019 3091 1289 3167 inultos,
1332 3089 1418 3150 ita
1447 3087 1707 3170 posthac
1733 3087 1802 3146 in
1829 3082 2117 3169 ejusdem

210 3179 461 3252 laudem
519 3197 969 3267 commemorat
1036 3191 1249 3251 hostes
1320 3189 1474 3249 istos
1538 3186 1790 3268 imperii
1846 3182 2117 3246 Romani

215 3288 637 3351 ferocissimos
677 3310 809 3350 non
850 3289 1115 3371 amplius
1157 3309 1295 3350 esse
1325 3288 1661 3348 timendos».
1745 3285 1948 3369 Igitur
1988 3302 2117 3343 non

215 3408 378 3468 opus
423 3395 544 3468 est,
612 3395 684 3450 ut
737 3388 840 3451 hic
882 3390 962 3450 de
1002 3391 1161 3451 Jano
1211 3389 1447 3450 iterum
1495 3386 1787 3448 obserato
1830 3402 1992 3444 anno
2039 3380 2117 3439 U.

217 3486 284 3545 (3.
336 3488 486 3549 729.
546 3489 872 3572 cogitetur.
921 3509 927 3514 ·
968 3488 1164 3550 Poeta
1216 3508 1338 3549 nec
1389 3491 1602 3570 potest
1641 3482 1993 3547 necdebet
2034 3479 2115 3540 ad
