2236 3932
670 159 752 199 nr.
800 157 1026 198 cAsslo
1074 156 1441 197 PARMENSI.
1897 142 2025 204 209

118 303 370 379 dicunt,
428 298 544 360 sed
584 301 872 379 poetamz
937 314 1133 377 quare
1172 293 1246 356 in
1284 292 1454 356 Edit.
1495 294 1690 356 Basil.
1732 315 1792 357 a.
1836 296 2025 360 1555.

117 402 339 463 titulus
392 404 522 460 est:
588 399 680 456 In
734 398 1006 456 Poetam
1059 393 1454 456 Maledictum
1463 435 1488 468 ,
1559 394 1708 456 licet
1762 395 1833 456 in
1886 403 2025 459 toto

120 501 397 564 carmine
453 497 612 557 nihil
666 495 782 570 sit,
842 495 1016 575 quod
1069 515 1188 557 nos
1241 495 1322 556 de
1360 498 1553 576 poeta
1607 494 1882 578 cogitare
1924 493 2029 578 ju·
2102 491 2105 495 ’

118 602 289 662 beat.
402 596 685 658 Dubium
740 599 953 654 autem
1009 594 1125 656 vix
1178 614 1316 656 esse
1370 598 1578 675 potest
1619 594 1777 675 quin
1820 593 2027 656 Scho-

119 700 335 760 liastae
393 701 715 757 oratorem
767 693 962 754 istmn
1020 692 1342 755 maleficae
1396 692 1565 755 vitae
1626 699 1693 755 et
1768 696 2031 757 caninae

118 797 449 859 facundiae
467 792 911 870 intellexerint,
940 794 1007 853 in
1034 812 1384 874 eorumque
1409 793 1787 857 sententiam
1801 795 2032 855 transi-
2055 830 2058 833 ,

121 902 314 960 erunt
379 895 565 956 multi
580 938 602 971 ,
697 894 766 954 in
836 895 1066 974 quibus
1134 895 1418 955 maxime
1490 895 2033 957 commemorandi

122 1002 273 1060 sunt
333 994 647 1075 Cruquius
663 1039 686 1071 ,
756 993 1162 1072 Torrentius,
1235 989 1563 1074 Bentlejus
1621 995 1704 1056 ad
1759 993 1939 1056 Libr.
1978 994 2035 1055 I.

125 1095 263 1158 Sat.
298 1097 361 1156 3.
406 1116 471 1156 v.
506 1096 652 1171 82„
713 1092 1116 1171 Sanadonus,
1177 1093 1481 1155 Dacerius
1538 1098 1633 1170 et,
1704 1091 1888 1179 cujus
1930 1092 2059 1177 ju·-

125 1196 366 1257 dicium
420 1215 498 1255 ea
552 1195 620 1254 in
678 1213 892 1254 caussa
946 1193 1160 1276 magni
1217 1192 1417 1269 facio,
1486 1190 1772 1254 Jahnius.
1873 1186 2036 1256 Cum

125 1295 566 1378 Porphyrione
579 1338 599 1371 ‚
659 1294 772 1375 qui
812 1293 1144 1354 Horatium
1199 1293 1492 1355 universe
1536 1291 1911 1370 ἆλληγορικῶς
1955 1295 2039 1356 (16

126 1395 386 1458 homine
429 1395 707 1476 quodam
747 1393 1056 1454 maledico
1097 1393 1277 1473 loqui
1318 1392 1438 1470 ait,
1482 1390 1635 1452 fecit
1668 1391 2043 1473 Lambinus,

130 1497 236 1558 cui
303 1502 523 1556 nostra
598 1493 909 1562 memoria
978 1492 1396 1572 adstipulatus
1438 1497 1568 1566 *est
1635 1492 2041 1578 DoeringiuS.

128 1596 326 1657 Istam
385 1596 466 1655 de
529 1592 744 1654 Cassio
802 1597 1053 1652 oratore
1112 1592 1487 1653 sententiam
1528 1592 1805 1673 primus,
1871 1596 2044 1676 quod

131 1695 363 1771 sciam,
425 1692 821 1775 impugnavit
864 1690 1186 1753 Gesnerus
1202 1736 1222 1770 ,
1282 1713 1479 1773 quem
1519 1693 1806 1755 maxime
1841 1691 2046 1755 offen-

132 1796 228 1856 dit
282 1794 557 1855 adulatio
615 1814 680 1855 v.
714 1793 777 1853 9.
821 1798 884 1852 et
931 1794 1032 1852 10.
1092 1799 1609 1855 commemorata.
1676 1802 1680 1817 '
1722 1793 1796 1856 Si
1852 1795 2044 1872 enim,

133 1899 375 1980 inquit,
421 1892 667 1957 adulari
707 1892 1016 1974 potuisset
1057 1892 1166 1953 ille
1182 1936 1202 1968 ,
1246 1893 1314 1952 in
1357 1892 1665 1976 Seriphiis
1707 1894 1889 1960 saxis¹
1914 1915 2046 1956 non

136 1996 591 2061 consenuisset.
662 1994 776 2053 His
807 1991 1338 2053 Mitscherlichius
1371 1990 1503 2076 jam
1534 1995 1850 2077 opposuit,
1896 1994 2048 2057 Cas·-

137 2099 306 2159 sium
346 2117 479 2157 non
521 2094 835 2155 adulando
878 2093 944 2154 h.
976 2113 1035 2154 e.
1080 2092 1406 2155 blanditiis
1449 2099 1515 2156 et
1543 2096 1889 2177 obsequiis,
1935 2097 2050 2158 sed

140 2197 474 2259 dicacitate
531 2215 646 2256 sua
710 2193 924 2256 invitis
977 2191 1111 2254 fere
1179 2214 1443 2255 munera
1496 2195 1617 2256 ista
1683 2184 2050 2258 extorsisse.

137 2298 270 2379 Ipsi
310 2304 523 2357 tamen
565 2293 1053 2359 Mitscherlichio
1098 2295 1441 2354 consultius
1484 2295 1771 2373 videtur,
1815 2316 1956 2358 rem
1985 2297 2055 2357 iu

139 2396 354 2458 medio
411 2395 768 2475 relinquere
786 2438 804 2470 ,
883 2414 1029 2454 cum
1081 2394 1292 2474 plures
1339 2395 1552 2456 Cassio
1596 2397 1831 2457 oratori
1875 2396 2054 2456 simi·-

142 2498 236 2558 les
277 2495 518 2558 Romae
561 2494 879 2555 exstitisse
923 2484 1264 2555 verisimile
1299 2495 1400 2555 sit.
1491 2494 1727 2557 Contra
1755 2494 2057 2578 Spaldin-

142 2597 283 2680 gius
308 2597 389 2655 ad
421 2593 788 2671 Quintiliani
831 2593 979 2654 Inst.
1017 2591 1129 2654 Or.
1161 2592 1470 2654 Lim-,VL
1511 2615 1566 2657 6.
1592 2597 1650 2656 l.
1693 2604 1744 2671 §.
1771 2597 1877 2658 43.
1920 2617 2054 2659 non

128 2698 354 2774 videt,
414 2715 612 2776 quare
653 2693 812 2755 haec
854 2691 1109 2775 Epodos
1152 2695 1230 2754 ad
1287 2694 1482 2756 alium
1527 2694 1812 2757 Cassium
1856 2694 2058 2759 Seve-

145 2817 290 2858 rum
306 2841 325 2874 ,
372 2815 566 2876 quam
610 2796 691 2854 ad
735 2792 1052 2855 famosum
1093 2794 1287 2854 istum
1323 2801 1676 2874 oratorem,
1719 2794 2056 2873 referatur,

146 2915 456 2977 suamque
500 2894 879 2955 sententiam
907 2894 975 2952 in
1006 2893 1274 2954 Praefat.
1306 2895 1385 2956 ad
1421 2896 1788 2973 Quintiliani
1814 2896 1959 2958 Vol.
1975 2895 2061 2956 Π.

148 3019 214 3078 p.
259 2995 398 3056 VH.
460 2994 838 3055 declaranda
894 2993 1137 3054 Horatii
1195 3008 1339 3056 cum
1397 2993 1474 3055 L.
1520 2995 1687 3058 Varo
1743 2996 2062 3078 Epicureo

150 3095 423 3157 amicitia
465 3103 531 3154 et
574 3093 895 3155 communi
939 3094 1265 3175 utriusque
1307 3095 1374 3155 in
1402 3097 1687 3158 Cassium
1717 3097 1864 3158 odio
1895 3097 2064 3157 bene

153 3196 576 3256 commendat.
694 3192 1044 3276 Spaldingii
1104 3195 1439 3275 disputatio
1497 3198 1752 3260 videtur
1807 3197 2064 3257 latuisse

156 3294 270 3355 Ch.
329 3292 959 3376 Vanderbourgium‚
1034 3294 1142 3375 qui
1203 3295 1391 3356 Tom.
1436 3296 1521 3358 Π.
1576 3297 1649 3357 Ρ.
1697 3300 1757 3358 2.
1816 3318 1881 3377 p.
1916 3297 2061 3358 461.

155 3394 505 3474 approbata
565 3394 836 3453 Gesneri
897 3394 1325 3473 dubitatione,
1386 3396 1543 3457 haec
1587 3396 1867 3477 scripsit:
1928 3396 2068 3471 „Ge

155 3489 378 3554 η’έιοίι·
426 3492 616 3574 point
671 3490 713 3552 ὰ
769 3493 806 3550 ί·
854 3493 1104 3554 Ῑισηινηο
1175 3494 1289 3576 qui
1341 3491 1656 3556 declarolt
1714 3497 1782 3555 la
1834 3516 2069 3574 guerre

158 3615 302 3653 auoe
328 3590 637 3672 scmuflles
679 3593 770 3652 les
814 3594 961 3672 plus
998 3577 1377 3675 pm'ssanles
1390 3639 1413 3672 ,
1459 3605 1519 3655 et·
1563 3593 1678 3677 qui
1696 3596 1827 3675 sut
1867 3592 2074 3656 bamu'

231 3692 554 3741 W'mcmzrz'r.
593 3691 881 3741 (flunmen.
1630 3695 1708 3755 14
