<?xml version="1.0" encoding="UTF-8"?>
<!DOCTYPE html PUBLIC "-//W3C//DTD XHTML 1.0 Transitional//EN"
    "http://www.w3.org/TR/xhtml1/DTD/xhtml1-transitional.dtd">
<html xmlns="http://www.w3.org/1999/xhtml" xml:lang="en" lang="en">
 <head>
  <title>
</title>
<meta http-equiv="Content-Type" content="text/html;charset=utf-8" />
  <meta name='ocr-system' content='tesseract 3.04.00' />
  <meta name='ocr-capabilities' content='ocr_page ocr_carea ocr_par ocr_line ocrx_word'/>
</head>
<body>
  <div class='ocr_page' id='page_1' title='image "./deluciivariietca00weicuoft_0248.png"; bbox 0 0 2236 3932; ppageno 0'>
   <div class='ocr_carea' id='block_1_1' title="bbox 208 86 1554 152">
    <p class='ocr_par' dir='ltr' id='par_1_1' title="bbox 208 86 1554 152">
     <span class='ocr_line' id='line_1_1' title="bbox 208 86 1554 152; baseline 0.003 -5"><span class='ocrx_word' id='word_1_1' title='bbox 208 86 337 148; x_wconf 82' lang='lat'>230</span> <span class='ocrx_word' id='word_1_2' title='bbox 793 111 874 150; x_wconf 81' lang='lat' dir='ltr'>DE</span> <span class='ocrx_word' id='word_1_3' title='bbox 921 110 1144 151; x_wconf 79' lang='lat' dir='ltr'>cAsslo</span> <span class='ocrx_word' id='word_1_4' title='bbox 1191 108 1554 152; x_wconf 69' lang='grc' dir='ltr'><strong>ΡΑιῑΜΕ-Νει.</strong></span> 
     </span>
    </p>
   </div>
   <div class='ocr_carea' id='block_1_2' title="bbox 206 242 2159 2907">
    <p class='ocr_par' dir='ltr' id='par_1_2' title="bbox 209 242 2112 525">
     <span class='ocr_line' id='line_1_2' title="bbox 213 242 2111 323; baseline 0.004 -20"><span class='ocrx_word' id='word_1_5' title='bbox 213 242 460 305; x_wconf 84' lang='lat' dir='ltr'>Cassius</span> <span class='ocrx_word' id='word_1_6' title='bbox 515 242 816 308; x_wconf 85' lang='lat' dir='ltr'>Etruscus</span> <span class='ocrx_word' id='word_1_7' title='bbox 833 290 853 323; x_wconf 88' lang='lat'><strong><em>,</em></strong></span> <span class='ocrx_word' id='word_1_8' title='bbox 927 246 1040 305; x_wconf 84' lang='lat' dir='ltr'>sed</span> <span class='ocrx_word' id='word_1_9' title='bbox 1098 254 1280 304; x_wconf 75' lang='lat' dir='ltr'>vates</span> <span class='ocrx_word' id='word_1_10' title='bbox 1334 247 1650 306; x_wconf 77' lang='lat' dir='ltr'>Etruscus</span> <span class='ocrx_word' id='word_1_11' title='bbox 1690 247 2111 312; x_wconf 87' lang='lat' dir='ltr'>nominandus</span> 
     </span>
     <span class='ocr_line' id='line_1_3' title="bbox 211 340 2112 426; baseline 0.005 -25"><span class='ocrx_word' id='word_1_12' title='bbox 211 340 456 404; x_wconf 84' lang='lat' dir='ltr'>fuisset.</span> <span class='ocrx_word' id='word_1_13' title='bbox 543 343 683 422; x_wconf 82' lang='lat' dir='ltr'>Sic,</span> <span class='ocrx_word' id='word_1_14' title='bbox 740 351 830 415; x_wconf 78' lang='lat' dir='ltr'>ut</span> <span class='ocrx_word' id='word_1_15' title='bbox 866 345 990 404; x_wconf 88' lang='lat' dir='ltr'>hoc</span> <span class='ocrx_word' id='word_1_16' title='bbox 1031 348 1210 420; x_wconf 86' lang='lat' dir='ltr'>utar,</span> <span class='ocrx_word' id='word_1_17' title='bbox 1268 343 1571 426; x_wconf 81' lang='lat' dir='ltr'>Virgilius</span> <span class='ocrx_word' id='word_1_18' title='bbox 1624 347 1883 407; x_wconf 89' lang='lat' dir='ltr'>nomine</span> <span class='ocrx_word' id='word_1_19' title='bbox 1938 348 2112 426; x_wconf 71' lang='lat' dir='ltr'>vatis</span> 
     </span>
     <span class='ocr_line' id='line_1_4' title="bbox 209 441 1671 525; baseline 0.003 -24"><span class='ocrx_word' id='word_1_20' title='bbox 209 441 476 503; x_wconf 75' lang='lat' dir='ltr'>Etrusci</span> <span class='ocrx_word' id='word_1_21' title='bbox 510 443 843 525; x_wconf 80' lang='lat' dir='ltr'>insignitur</span> <span class='ocrx_word' id='word_1_22' title='bbox 887 463 923 502; x_wconf 89' lang='lat' dir='ltr'>a</span> <span class='ocrx_word' id='word_1_23' title='bbox 963 443 1174 503; x_wconf 87' lang='lat' dir='ltr'>Phoca</span> <span class='ocrx_word' id='word_1_24' title='bbox 1219 442 1671 505; x_wconf 80' lang='lat' dir='ltr'>Grammatico:</span> 
     </span>
    </p>

    <p class='ocr_par' dir='ltr' id='par_1_3' title="bbox 407 540 1714 621">
     <span class='ocr_line' id='line_1_5' title="bbox 407 540 1714 621; baseline 0.004 -20"><span class='ocrx_word' id='word_1_25' title='bbox 407 541 535 601; x_wconf 77' lang='lat' dir='ltr'>His</span> <span class='ocrx_word' id='word_1_26' title='bbox 557 543 735 621; x_wconf 80' lang='lat' dir='ltr'>fave</span> <span class='ocrx_word' id='word_1_27' title='bbox 779 540 1005 601; x_wconf 81' lang='lat' dir='ltr'>dictis:</span> <span class='ocrx_word' id='word_1_28' title='bbox 1050 544 1396 619; x_wconf 78' lang='lat' dir='ltr'>retegenda</span> <span class='ocrx_word' id='word_1_29' title='bbox 1438 543 1577 604; x_wconf 79' lang='lat' dir='ltr'>vita</span> <span class='ocrx_word' id='word_1_30' title='bbox 1621 555 1714 606; x_wconf 79' lang='lat' dir='ltr'>est</span> 
     </span>
    </p>

    <p class='ocr_par' dir='ltr' id='par_1_4' title="bbox 416 639 1671 722">
     <span class='ocr_line' id='line_1_6' title="bbox 416 639 1671 722; baseline 0.001 -19"><span class='ocrx_word' id='word_1_31' title='bbox 416 639 610 703; x_wconf 77' lang='lat' dir='ltr'>Vatis</span> <span class='ocrx_word' id='word_1_32' title='bbox 651 639 956 714; x_wconf 75' lang='lat' dir='ltr'>Etrusci,</span> <span class='ocrx_word' id='word_1_33' title='bbox 1002 643 1196 700; x_wconf 86' lang='lat' dir='ltr'>modo</span> <span class='ocrx_word' id='word_1_34' title='bbox 1240 641 1356 722; x_wconf 76' lang='lat' dir='ltr'>qui</span> <span class='ocrx_word' id='word_1_35' title='bbox 1382 664 1671 722; x_wconf 78' lang='lat' dir='ltr'>perenne</span> 
     </span>
    </p>

    <p class='ocr_par' dir='ltr' id='par_1_5' title="bbox 408 737 1548 818">
     <span class='ocr_line' id='line_1_7' title="bbox 408 737 1548 818; baseline 0.004 -21"><span class='ocrx_word' id='word_1_36' title='bbox 408 739 738 798; x_wconf 82' lang='lat' dir='ltr'>Romulae</span> <span class='ocrx_word' id='word_1_37' title='bbox 779 737 924 799; x_wconf 80' lang='lat' dir='ltr'>voci</span> <span class='ocrx_word' id='word_1_38' title='bbox 965 741 1156 799; x_wconf 80' lang='lat' dir='ltr'>decus</span> <span class='ocrx_word' id='word_1_39' title='bbox 1199 741 1548 818; x_wconf 82' lang='lat' dir='ltr'>adrogavit</span> 
     </span>
    </p>

    <p class='ocr_par' dir='ltr' id='par_1_6' title="bbox 814 837 1383 910">
     <span class='ocr_line' id='line_1_8' title="bbox 814 837 1383 910; baseline -0.002 -12"><span class='ocrx_word' id='word_1_40' title='bbox 814 837 1116 898; x_wconf 79' lang='lat' dir='ltr'>Carmine</span> <span class='ocrx_word' id='word_1_41' title='bbox 1157 859 1345 898; x_wconf 76' lang='lat' dir='ltr'>sacro</span> <span class='ocrx_word' id='word_1_42' title='bbox 1362 861 1383 910; x_wconf 82' lang='lat'>,-</span> 
     </span>
    </p>

    <p class='ocr_par' dir='ltr' id='par_1_7' title="bbox 206 935 2118 1593">
     <span class='ocr_line' id='line_1_9' title="bbox 212 935 2115 1016; baseline 0.005 -23"><span class='ocrx_word' id='word_1_43' title='bbox 212 935 514 1016; x_wconf 77' lang='lat' dir='ltr'>quoniam</span> <span class='ocrx_word' id='word_1_44' title='bbox 556 935 811 995; x_wconf 84' lang='lat' dir='ltr'>Mantua</span> <span class='ocrx_word' id='word_1_45' title='bbox 851 935 1263 997; x_wconf 87' lang='lat' dir='ltr'>Etruscorum</span> <span class='ocrx_word' id='word_1_46' title='bbox 1302 938 1457 997; x_wconf 82' lang='lat' dir='ltr'>urbs</span> <span class='ocrx_word' id='word_1_47' title='bbox 1494 939 1707 1000; x_wconf 86' lang='lat' dir='ltr'>habita</span> <span class='ocrx_word' id='word_1_48' title='bbox 1738 947 1832 1001; x_wconf 89' lang='lat' dir='ltr'>est</span> <span class='ocrx_word' id='word_1_49' title='bbox 1862 961 1948 1002; x_wconf 85' lang='lat' dir='ltr'>ex</span> <span class='ocrx_word' id='word_1_50' title='bbox 1977 962 2115 1002; x_wconf 88' lang='lat' dir='ltr'>cer-</span> 
     </span>
     <span class='ocr_line' id='line_1_10' title="bbox 209 1033 2113 1117; baseline 0.004 -24"><span class='ocrx_word' id='word_1_51' title='bbox 209 1033 461 1094; x_wconf 89' lang='lat' dir='ltr'>tissimis</span> <span class='ocrx_word' id='word_1_52' title='bbox 506 1035 887 1114; x_wconf 88' lang='lat' dir='ltr'>scriptorum</span> <span class='ocrx_word' id='word_1_53' title='bbox 929 1035 1297 1095; x_wconf 82' lang='lat' dir='ltr'>testimoniis</span> <span class='ocrx_word' id='word_1_54' title='bbox 1317 1035 1414 1113; x_wconf 73' lang='lat'><strong>²⁵).</strong></span> <span class='ocrx_word' id='word_1_55' title='bbox 1511 1037 1655 1102; x_wconf 90' lang='lat' dir='ltr'>Jam</span> <span class='ocrx_word' id='word_1_56' title='bbox 1699 1040 1857 1099; x_wconf 91' lang='lat' dir='ltr'>sicut</span> <span class='ocrx_word' id='word_1_57' title='bbox 1898 1033 2113 1117; x_wconf 89' lang='lat' dir='ltr'>nemo,</span> 
     </span>
     <span class='ocr_line' id='line_1_11' title="bbox 209 1133 2116 1213; baseline 0.004 -21"><span class='ocrx_word' id='word_1_58' title='bbox 209 1134 469 1212; x_wconf 83' lang='lat' dir='ltr'>opinor,</span> <span class='ocrx_word' id='word_1_59' title='bbox 514 1134 843 1213; x_wconf 83' lang='lat' dir='ltr'>probabit,</span> <span class='ocrx_word' id='word_1_60' title='bbox 895 1133 1241 1211; x_wconf 72' lang='lat' dir='ltr'>Virgilium</span> <span class='ocrx_word' id='word_1_61' title='bbox 1281 1136 1730 1196; x_wconf 74' lang='lat' dir='ltr'>Mantuanum</span> <span class='ocrx_word' id='word_1_62' title='bbox 1773 1139 1897 1198; x_wconf 84' lang='lat' dir='ltr'>dici</span> <span class='ocrx_word' id='word_1_63' title='bbox 1924 1139 2116 1199; x_wconf 91' lang='lat' dir='ltr'>etiam</span> 
     </span>
     <span class='ocr_line' id='line_1_12' title="bbox 207 1231 2116 1318; baseline 0.003 -26"><span class='ocrx_word' id='word_1_64' title='bbox 207 1233 488 1313; x_wconf 86' lang='lat' dir='ltr'>potuisse</span> <span class='ocrx_word' id='word_1_65' title='bbox 552 1231 903 1310; x_wconf 82' lang='lat' dir='ltr'>Virgilium</span> <span class='ocrx_word' id='word_1_66' title='bbox 958 1234 1340 1309; x_wconf 79' lang='lat' dir='ltr'>Etruscum,</span> <span class='ocrx_word' id='word_1_67' title='bbox 1414 1234 1502 1294; x_wconf 89' lang='lat' dir='ltr'>ita</span> <span class='ocrx_word' id='word_1_68' title='bbox 1554 1255 1750 1318; x_wconf 86' lang='lat' dir='ltr'>neg0‚</span> <span class='ocrx_word' id='word_1_69' title='bbox 1817 1236 2116 1299; x_wconf 77' lang='lat' dir='ltr'>Cassium</span> 
     </span>
     <span class='ocr_line' id='line_1_13' title="bbox 209 1332 2118 1413; baseline 0.003 -23"><span class='ocrx_word' id='word_1_70' title='bbox 209 1334 632 1392; x_wconf 74' lang='lat' dir='ltr'>Parmensem</span> <span class='ocrx_word' id='word_1_71' title='bbox 702 1333 1058 1413; x_wconf 88' lang='lat' dir='ltr'>promiscue</span> <span class='ocrx_word' id='word_1_72' title='bbox 1139 1332 1541 1393; x_wconf 85' lang='lat' dir='ltr'>nominatum</span> <span class='ocrx_word' id='word_1_73' title='bbox 1609 1354 1745 1395; x_wconf 90' lang='lat' dir='ltr'>esse</span> <span class='ocrx_word' id='word_1_74' title='bbox 1821 1335 2118 1397; x_wconf 75' lang='lat' dir='ltr'>Cassium</span> 
     </span>
     <span class='ocr_line' id='line_1_14' title="bbox 206 1431 2115 1516; baseline 0.003 -26"><span class='ocrx_word' id='word_1_75' title='bbox 206 1432 559 1497; x_wconf 76' lang='lat' dir='ltr'>Etruscum</span> <span class='ocrx_word' id='word_1_76' title='bbox 577 1475 602 1507; x_wconf 84' lang='lat'><em>,</em></span> <span class='ocrx_word' id='word_1_77' title='bbox 681 1433 977 1513; x_wconf 88' lang='lat' dir='ltr'>quoniam</span> <span class='ocrx_word' id='word_1_78' title='bbox 1037 1431 1339 1492; x_wconf 88' lang='lat' dir='ltr'>oriundus</span> <span class='ocrx_word' id='word_1_79' title='bbox 1398 1431 1623 1494; x_wconf 84' lang='lat' dir='ltr'>fuisset</span> <span class='ocrx_word' id='word_1_80' title='bbox 1663 1434 1891 1496; x_wconf 84' lang='lat' dir='ltr'>Parma</span> <span class='ocrx_word' id='word_1_81' title='bbox 1906 1479 1927 1512; x_wconf 84' lang='lat'>‚</span> <span class='ocrx_word' id='word_1_82' title='bbox 1994 1455 2115 1516; x_wconf 84' lang='lat' dir='ltr'>pro</span> 
     </span>
     <span class='ocr_line' id='line_1_15' title="bbox 209 1529 1047 1593; baseline 0 -3"><span class='ocrx_word' id='word_1_83' title='bbox 209 1529 571 1591; x_wconf 84' lang='lat' dir='ltr'>Tuscorum</span> <span class='ocrx_word' id='word_1_84' title='bbox 612 1532 772 1592; x_wconf 91' lang='lat' dir='ltr'>urbe</span> <span class='ocrx_word' id='word_1_85' title='bbox 815 1531 1047 1593; x_wconf 89' lang='lat' dir='ltr'>habita.</span> 
     </span>
    </p>

    <p class='ocr_par' dir='ltr' id='par_1_8' title="bbox 206 1628 2159 2907">
     <span class='ocr_line' id='line_1_16' title="bbox 383 1628 2117 1713; baseline 0.003 -25"><span class='ocrx_word' id='word_1_86' title='bbox 383 1628 565 1711; x_wconf 86' lang='lat' dir='ltr'>Quae</span> <span class='ocrx_word' id='word_1_87' title='bbox 606 1651 750 1691; x_wconf 88' lang='lat' dir='ltr'>oum</span> <span class='ocrx_word' id='word_1_88' title='bbox 791 1631 880 1691; x_wconf 88' lang='lat' dir='ltr'>ita</span> <span class='ocrx_word' id='word_1_89' title='bbox 923 1631 1069 1707; x_wconf 83' lang='lat' dir='ltr'>sint,</span> <span class='ocrx_word' id='word_1_90' title='bbox 1114 1650 1498 1713; x_wconf 88' lang='lat' dir='ltr'>magnopere</span> <span class='ocrx_word' id='word_1_91' title='bbox 1540 1636 1756 1704; x_wconf 90' lang='lat' dir='ltr'>metuo</span> <span class='ocrx_word' id='word_1_92' title='bbox 1773 1676 1794 1710; x_wconf 88' lang='lat'><strong><em>,</em></strong></span> <span class='ocrx_word' id='word_1_93' title='bbox 1838 1652 1920 1693; x_wconf 83' lang='lat' dir='ltr'>ne</span> <span class='ocrx_word' id='word_1_94' title='bbox 1945 1630 2117 1693; x_wconf 88' lang='lat' dir='ltr'>Viris</span> 
     </span>
     <span class='ocr_line' id='line_1_17' title="bbox 207 1728 2117 1809; baseline 0.002 -21"><span class='ocrx_word' id='word_1_95' title='bbox 207 1728 441 1805; x_wconf 83' lang='lat' dir='ltr'>Doctis,</span> <span class='ocrx_word' id='word_1_96' title='bbox 489 1730 598 1809; x_wconf 89' lang='lat' dir='ltr'>qui</span> <span class='ocrx_word' id='word_1_97' title='bbox 642 1731 1019 1803; x_wconf 83' lang='lat' dir='ltr'>sententiam</span> <span class='ocrx_word' id='word_1_98' title='bbox 1061 1751 1242 1798; x_wconf 88' lang='lat' dir='ltr'>suam</span> <span class='ocrx_word' id='word_1_99' title='bbox 1287 1732 1366 1792; x_wconf 95' lang='grc'><strong>(16</strong></span> <span class='ocrx_word' id='word_1_100' title='bbox 1396 1730 1664 1798; x_wconf 88' lang='lat' dir='ltr'>Etrusco</span> <span class='ocrx_word' id='word_1_101' title='bbox 1704 1738 1768 1792; x_wconf 89' lang='lat' dir='ltr'>et</span> <span class='ocrx_word' id='word_1_102' title='bbox 1790 1730 2117 1796; x_wconf 84' lang='lat' dir='ltr'>Parmensi</span> 
     </span>
     <span class='ocr_line' id='line_1_18' title="bbox 210 1827 2119 1911; baseline 0.001 -23"><span class='ocrx_word' id='word_1_103' title='bbox 210 1827 420 1889; x_wconf 87' lang='lat' dir='ltr'>Cassio</span> <span class='ocrx_word' id='word_1_104' title='bbox 478 1834 802 1909; x_wconf 85' lang='lat' dir='ltr'>tamquam</span> <span class='ocrx_word' id='word_1_105' title='bbox 856 1850 988 1893; x_wconf 89' lang='lat' dir='ltr'>uno</span> <span class='ocrx_word' id='word_1_106' title='bbox 1045 1830 1399 1910; x_wconf 77' lang='lat' dir='ltr'>eodemque</span> <span class='ocrx_word' id='word_1_107' title='bbox 1446 1836 1635 1910; x_wconf 88' lang='lat' dir='ltr'>poeta</span> <span class='ocrx_word' id='word_1_108' title='bbox 1675 1830 1825 1891; x_wconf 89' lang='lat' dir='ltr'>huic</span> <span class='ocrx_word' id='word_1_109' title='bbox 1864 1829 2119 1911; x_wconf 89' lang='lat' dir='ltr'>potissi-</span> 
     </span>
     <span class='ocr_line' id='line_1_19' title="bbox 206 1927 2116 2011; baseline 0 -23"><span class='ocrx_word' id='word_1_110' title='bbox 206 1950 386 1988; x_wconf 93' lang='lat' dir='ltr'>mum</span> <span class='ocrx_word' id='word_1_111' title='bbox 447 1935 818 2010; x_wconf 90' lang='lat' dir='ltr'>argumento</span> <span class='ocrx_word' id='word_1_112' title='bbox 874 1931 1431 2011; x_wconf 88' lang='lat' dir='ltr'>superstruendam</span> <span class='ocrx_word' id='word_1_113' title='bbox 1488 1930 1840 2006; x_wconf 79' lang='lat' dir='ltr'>duxerunt,</span> <span class='ocrx_word' id='word_1_114' title='bbox 1908 1927 2116 1989; x_wconf 87' lang='lat' dir='ltr'>fraudi</span> 
     </span>
     <span class='ocr_line' id='line_1_20' title="bbox 206 2027 2119 2094; baseline 0.001 -6"><span class='ocrx_word' id='word_1_115' title='bbox 206 2027 397 2088; x_wconf 82' lang='lat' dir='ltr'>fuerit</span> <span class='ocrx_word' id='word_1_116' title='bbox 441 2027 937 2089; x_wconf 87' lang='lat' dir='ltr'>Scholiastarum</span> <span class='ocrx_word' id='word_1_117' title='bbox 981 2031 1060 2090; x_wconf 86' lang='lat' dir='ltr'>ad</span> <span class='ocrx_word' id='word_1_118' title='bbox 1103 2028 1290 2093; x_wconf 87' lang='lat' dir='ltr'>Satir.</span> <span class='ocrx_word' id='word_1_119' title='bbox 1317 2030 1402 2088; x_wconf 89' lang='lat' dir='ltr'>X.</span> <span class='ocrx_word' id='word_1_120' title='bbox 1444 2050 1508 2094; x_wconf 84' lang='lat' dir='ltr'>v.</span> <span class='ocrx_word' id='word_1_121' title='bbox 1540 2030 1644 2090; x_wconf 85' lang='lat'>61.</span> <span class='ocrx_word' id='word_1_122' title='bbox 1688 2028 2119 2090; x_wconf 89' lang='lat' dir='ltr'>testimonium</span> 
     </span>
     <span class='ocr_line' id='line_1_21' title="bbox 209 2127 2118 2210; baseline -0.001 -22"><span class='ocrx_word' id='word_1_123' title='bbox 209 2129 558 2188; x_wconf 87' lang='lat' dir='ltr'>sublestum</span> <span class='ocrx_word' id='word_1_124' title='bbox 600 2127 770 2197; x_wconf 81' lang='lat' dir='ltr'>istud</span> <span class='ocrx_word' id='word_1_125' title='bbox 828 2134 890 2188; x_wconf 92' lang='lat' dir='ltr'>et</span> <span class='ocrx_word' id='word_1_126' title='bbox 946 2129 1278 2210; x_wconf 84' lang='lat' dir='ltr'>explorata</span> <span class='ocrx_word' id='word_1_127' title='bbox 1331 2129 1629 2189; x_wconf 83' lang='lat' dir='ltr'>historiae</span> <span class='ocrx_word' id='word_1_128' title='bbox 1670 2127 1797 2188; x_wconf 83' lang='lat' dir='ltr'>fide</span> <span class='ocrx_word' id='word_1_129' title='bbox 1853 2146 2118 2208; x_wconf 90' lang='lat' dir='ltr'>prorsus</span> 
     </span>
     <span class='ocr_line' id='line_1_22' title="bbox 210 2227 2116 2308; baseline -0.002 -20"><span class='ocrx_word' id='word_1_130' title='bbox 210 2229 606 2290; x_wconf 84' lang='lat' dir='ltr'>destitutum.</span> <span class='ocrx_word' id='word_1_131' title='bbox 693 2227 911 2308; x_wconf 90' lang='lat' dir='ltr'>Neque</span> <span class='ocrx_word' id='word_1_132' title='bbox 951 2228 1147 2288; x_wconf 90' lang='lat' dir='ltr'>iidem</span> <span class='ocrx_word' id='word_1_133' title='bbox 1192 2228 1471 2297; x_wconf 88' lang='lat' dir='ltr'>animum</span> <span class='ocrx_word' id='word_1_134' title='bbox 1509 2228 1654 2291; x_wconf 85' lang='lat' dir='ltr'>satis</span> <span class='ocrx_word' id='word_1_135' title='bbox 1691 2228 2116 2302; x_wconf 87' lang='lat' dir='ltr'>attenderunt,</span> 
     </span>
     <span class='ocr_line' id='line_1_23' title="bbox 209 2324 2116 2408; baseline 0.001 -23"><span class='ocrx_word' id='word_1_136' title='bbox 209 2333 511 2407; x_wconf 85' lang='lat' dir='ltr'>quantum</span> <span class='ocrx_word' id='word_1_137' title='bbox 571 2327 812 2408; x_wconf 81' lang='lat' dir='ltr'>reliqua</span> <span class='ocrx_word' id='word_1_138' title='bbox 869 2329 947 2387; x_wconf 90' lang='lat' dir='ltr'>ab</span> <span class='ocrx_word' id='word_1_139' title='bbox 1006 2327 1374 2388; x_wconf 78' lang='lat' dir='ltr'>Scholiastis</span> <span class='ocrx_word' id='word_1_140' title='bbox 1433 2328 1513 2388; x_wconf 88' lang='grc'><strong>(16</strong></span> <span class='ocrx_word' id='word_1_141' title='bbox 1567 2333 1838 2407; x_wconf 82' lang='lat' dir='ltr'>utroque</span> <span class='ocrx_word' id='word_1_142' title='bbox 1899 2324 2116 2386; x_wconf 86' lang='lat' dir='ltr'>Cassio</span> 
     </span>
     <span class='ocr_line' id='line_1_24' title="bbox 206 2426 2119 2508; baseline 0.001 -24"><span class='ocrx_word' id='word_1_143' title='bbox 206 2432 462 2485; x_wconf 87' lang='lat' dir='ltr'>narrata</span> <span class='ocrx_word' id='word_1_144' title='bbox 504 2426 674 2486; x_wconf 91' lang='lat' dir='ltr'>inter</span> <span class='ocrx_word' id='word_1_145' title='bbox 716 2447 784 2487; x_wconf 91' lang='lat' dir='ltr'>se</span> <span class='ocrx_word' id='word_1_146' title='bbox 829 2426 1215 2508; x_wconf 85' lang='lat' dir='ltr'>discrepent!</span> <span class='ocrx_word' id='word_1_147' title='bbox 1275 2427 1447 2508; x_wconf 85' lang='lat' dir='ltr'>Age,</span> <span class='ocrx_word' id='word_1_148' title='bbox 1506 2432 1573 2487; x_wconf 90' lang='lat' dir='ltr'>et</span> <span class='ocrx_word' id='word_1_149' title='bbox 1616 2426 1858 2508; x_wconf 84' lang='lat' dir='ltr'>singula</span> <span class='ocrx_word' id='word_1_150' title='bbox 1901 2445 2119 2487; x_wconf 86' lang='lat' dir='ltr'>rerum</span> 
     </span>
     <span class='ocr_line' id='line_1_25' title="bbox 208 2524 2119 2608; baseline -0.002 -22"><span class='ocrx_word' id='word_1_151' title='bbox 208 2525 580 2586; x_wconf 87' lang='lat' dir='ltr'>traditarum</span> <span class='ocrx_word' id='word_1_152' title='bbox 621 2533 946 2586; x_wconf 89' lang='lat' dir='ltr'>momenta</span> <span class='ocrx_word' id='word_1_153' title='bbox 1001 2533 1382 2608; x_wconf 79' lang='lat' dir='ltr'>spectemus,</span> <span class='ocrx_word' id='word_1_154' title='bbox 1471 2525 1714 2595; x_wconf 86' lang='lat' dir='ltr'>Cassius</span> <span class='ocrx_word' id='word_1_155' title='bbox 1761 2524 2119 2586; x_wconf 88' lang='lat' dir='ltr'>Parmensis</span> 
     </span>
     <span class='ocr_line' id='line_1_26' title="bbox 207 2623 2122 2706; baseline 0 -23"><span class='ocrx_word' id='word_1_156' title='bbox 207 2630 501 2685; x_wconf 87' lang='lat' dir='ltr'>narratur</span> <span class='ocrx_word' id='word_1_157' title='bbox 555 2623 748 2685; x_wconf 83' lang='lat' dir='ltr'>fuisse</span> <span class='ocrx_word' id='word_1_158' title='bbox 806 2626 876 2685; x_wconf 90' lang='lat' dir='ltr'>in</span> <span class='ocrx_word' id='word_1_159' title='bbox 917 2627 1200 2706; x_wconf 88' lang='lat' dir='ltr'>partibus</span> <span class='ocrx_word' id='word_1_160' title='bbox 1258 2624 1450 2686; x_wconf 90' lang='lat' dir='ltr'>Cassii</span> <span class='ocrx_word' id='word_1_161' title='bbox 1507 2632 1571 2686; x_wconf 91' lang='lat' dir='ltr'>et</span> <span class='ocrx_word' id='word_1_162' title='bbox 1611 2625 1794 2685; x_wconf 90' lang='lat' dir='ltr'>Bruti</span> <span class='ocrx_word' id='word_1_163' title='bbox 1835 2624 2122 2685; x_wconf 87' lang='lat' dir='ltr'>tribunus</span> 
     </span>
     <span class='ocr_line' id='line_1_27' title="bbox 209 2723 2159 2807; baseline -0.001 -22"><span class='ocrx_word' id='word_1_164' title='bbox 209 2724 517 2798; x_wconf 87' lang='lat' dir='ltr'>militum3</span> <span class='ocrx_word' id='word_1_165' title='bbox 578 2726 657 2784; x_wconf 87' lang='lat' dir='ltr'>de</span> <span class='ocrx_word' id='word_1_166' title='bbox 714 2724 964 2786; x_wconf 88' lang='lat' dir='ltr'>Etrusci</span> <span class='ocrx_word' id='word_1_167' title='bbox 1018 2726 1241 2786; x_wconf 89' lang='lat' dir='ltr'>militia</span> <span class='ocrx_word' id='word_1_168' title='bbox 1297 2732 1362 2785; x_wconf 88' lang='lat' dir='ltr'>et</span> <span class='ocrx_word' id='word_1_169' title='bbox 1405 2725 1732 2806; x_wconf 89' lang='lat' dir='ltr'>stipendiis</span> <span class='ocrx_word' id='word_1_170' title='bbox 1772 2723 1926 2793; x_wconf 88' lang='lat' dir='ltr'>nihil</span> <span class='ocrx_word' id='word_1_171' title='bbox 1969 2743 2121 2803; x_wconf 87' lang='lat' dir='ltr'>pro-</span> <span class='ocrx_word' id='word_1_172' title='bbox 2156 2803 2159 2807; x_wconf 13' lang='grc' dir='ltr'><strong>ῃ</strong></span> 
     </span>
     <span class='ocr_line' id='line_1_28' title="bbox 211 2823 2119 2907; baseline -0.003 -22"><span class='ocrx_word' id='word_1_173' title='bbox 211 2825 402 2885; x_wconf 85' lang='lat' dir='ltr'>ditur.</span> <span class='ocrx_word' id='word_1_174' title='bbox 491 2824 899 2885; x_wconf 86' lang='lat' dir='ltr'>Parmensem</span> <span class='ocrx_word' id='word_1_175' title='bbox 941 2825 1205 2886; x_wconf 91' lang='lat' dir='ltr'>Athenis</span> <span class='ocrx_word' id='word_1_176' title='bbox 1231 2831 1634 2907; x_wconf 86' lang='lat' dir='ltr'>peremptum</span> <span class='ocrx_word' id='word_1_177' title='bbox 1662 2842 1798 2885; x_wconf 90' lang='lat' dir='ltr'>esse</span> <span class='ocrx_word' id='word_1_178' title='bbox 1829 2823 2119 2896; x_wconf 81' lang='lat' dir='ltr'>tradunt3</span> 
     </span>
    </p>
   </div>
   <div class='ocr_carea' id='block_1_3' title="bbox 204 2959 473 2970">
    <p class='ocr_par' dir='ltr' id='par_1_9' title="bbox 204 2959 473 2970">
     <span class='ocr_line' id='line_1_29' title="bbox 204 2959 473 2970; baseline 0 962"><span class='ocrx_word' id='word_1_179' title='bbox 204 2959 473 2970; x_wconf 95' lang='lat' dir='ltr'> </span> 
     </span>
    </p>
   </div>
   <div class='ocr_carea' id='block_1_4' title="bbox 208 3019 2124 3304">
    <p class='ocr_par' dir='ltr' id='par_1_10' title="bbox 208 3019 2124 3304">
     <span class='ocr_line' id='line_1_30' title="bbox 354 3019 2122 3090; baseline -0.002 -14"><span class='ocrx_word' id='word_1_180' title='bbox 354 3027 448 3089; x_wconf 86' lang='lat'>25)</span> <span class='ocrx_word' id='word_1_181' title='bbox 489 3023 583 3074; x_wconf 85' lang='lat' dir='ltr'>Illa</span> <span class='ocrx_word' id='word_1_182' title='bbox 620 3021 805 3072; x_wconf 86' lang='lat' dir='ltr'>Phocae</span> <span class='ocrx_word' id='word_1_183' title='bbox 842 3023 1151 3074; x_wconf 85' lang='lat' dir='ltr'>Grammatici</span> <span class='ocrx_word' id='word_1_184' title='bbox 1187 3026 1412 3090; x_wconf 83' lang='lat' dir='ltr'>leguntur</span> <span class='ocrx_word' id='word_1_185' title='bbox 1446 3027 1495 3074; x_wconf 88' lang='lat' dir='ltr'>iu</span> <span class='ocrx_word' id='word_1_186' title='bbox 1531 3024 1588 3074; x_wconf 90' lang='lat' dir='ltr'>P.</span> <span class='ocrx_word' id='word_1_187' title='bbox 1615 3022 1877 3072; x_wconf 86' lang='lat' dir='ltr'>Burmanni</span> <span class='ocrx_word' id='word_1_188' title='bbox 1914 3019 2122 3072; x_wconf 82' lang='lat' dir='ltr'>Anthol.</span> 
     </span>
     <span class='ocr_line' id='line_1_31' title="bbox 210 3090 2118 3158; baseline -0.002 -12"><span class='ocrx_word' id='word_1_189' title='bbox 210 3097 323 3149; x_wconf 79' lang='lat' dir='ltr'>Lat.</span> <span class='ocrx_word' id='word_1_190' title='bbox 364 3098 502 3146; x_wconf 91' lang='lat' dir='ltr'>Libr.</span> <span class='ocrx_word' id='word_1_191' title='bbox 537 3095 605 3144; x_wconf 90' lang='lat' dir='ltr'>II.</span> <span class='ocrx_word' id='word_1_192' title='bbox 643 3095 737 3157; x_wconf 87' lang='lat' dir='ltr'>Ep.</span> <span class='ocrx_word' id='word_1_193' title='bbox 771 3101 888 3145; x_wconf 80' lang='lat'><strong>186.</strong></span> <span class='ocrx_word' id='word_1_194' title='bbox 921 3096 1059 3145; x_wconf 88' lang='lat' dir='ltr'>Tom.</span> <span class='ocrx_word' id='word_1_195' title='bbox 1092 3095 1132 3146; x_wconf 92' lang='lat' dir='ltr'>I.</span> <span class='ocrx_word' id='word_1_196' title='bbox 1171 3115 1218 3158; x_wconf 85' lang='lat' dir='ltr'>p.</span> <span class='ocrx_word' id='word_1_197' title='bbox 1247 3104 1368 3146; x_wconf 83' lang='lat'><strong>363.</strong></span> <span class='ocrx_word' id='word_1_198' title='bbox 1390 3137 1401 3155; x_wconf 91' lang='lat'>‚</span> <span class='ocrx_word' id='word_1_199' title='bbox 1440 3099 1488 3145; x_wconf 90' lang='lat' dir='ltr'>in</span> <span class='ocrx_word' id='word_1_200' title='bbox 1517 3094 1844 3144; x_wconf 86' lang='lat' dir='ltr'>Werusdorfii</span> <span class='ocrx_word' id='word_1_201' title='bbox 1880 3093 1937 3143; x_wconf 91' lang='lat' dir='ltr'>P.</span> <span class='ocrx_word' id='word_1_202' title='bbox 1962 3092 2024 3140; x_wconf 90' lang='lat' dir='ltr'>L.</span> <span class='ocrx_word' id='word_1_203' title='bbox 2043 3090 2118 3142; x_wconf 91' lang='lat' dir='ltr'>M.</span> 
     </span>
     <span class='ocr_line' id='line_1_32' title="bbox 208 3162 2120 3231; baseline -0.004 -11"><span class='ocrx_word' id='word_1_204' title='bbox 208 3170 350 3220; x_wconf 91' lang='lat' dir='ltr'>Tom.</span> <span class='ocrx_word' id='word_1_205' title='bbox 373 3169 468 3220; x_wconf 88' lang='lat' dir='ltr'><strong>Ill.</strong></span> <span class='ocrx_word' id='word_1_206' title='bbox 509 3187 557 3229; x_wconf 89' lang='lat' dir='ltr'>p.</span> <span class='ocrx_word' id='word_1_207' title='bbox 585 3174 706 3216; x_wconf 91' lang='lat'><strong>410.</strong></span> <span class='ocrx_word' id='word_1_208' title='bbox 747 3176 795 3214; x_wconf 86' lang='lat' dir='ltr'>et</span> <span class='ocrx_word' id='word_1_209' title='bbox 831 3170 879 3214; x_wconf 90' lang='lat' dir='ltr'>iu</span> <span class='ocrx_word' id='word_1_210' title='bbox 919 3166 1228 3216; x_wconf 88' lang='lat' dir='ltr'>Testimoniis</span> <span class='ocrx_word' id='word_1_211' title='bbox 1266 3169 1325 3216; x_wconf 90' lang='lat' dir='ltr'>de</span> <span class='ocrx_word' id='word_1_212' title='bbox 1361 3166 1573 3231; x_wconf 82' lang='lat' dir='ltr'>Virgilio</span> <span class='ocrx_word' id='word_1_213' title='bbox 1610 3185 1685 3228; x_wconf 91' lang='lat' dir='ltr'>ap.</span> <span class='ocrx_word' id='word_1_214' title='bbox 1718 3165 1967 3230; x_wconf 84' lang='lat' dir='ltr'>Heynium</span> <span class='ocrx_word' id='word_1_215' title='bbox 1999 3162 2059 3212; x_wconf 93' lang='lat' dir='ltr'>T.</span> <span class='ocrx_word' id='word_1_216' title='bbox 2078 3162 2120 3213; x_wconf 82' lang='grc' dir='ltr'><strong>Ι.</strong></span> 
     </span>
     <span class='ocr_line' id='line_1_33' title="bbox 208 3235 2124 3304; baseline -0.006 -11"><span class='ocrx_word' id='word_1_217' title='bbox 208 3261 260 3304; x_wconf 87' lang='lat' dir='ltr'>p.</span> <span class='ocrx_word' id='word_1_218' title='bbox 305 3237 652 3290; x_wconf 88' lang='lat' dir='ltr'><strong>XXXXVll.</strong></span> <span class='ocrx_word' id='word_1_219' title='bbox 703 3238 781 3286; x_wconf 82' lang='lat' dir='ltr'>ed.</span> <span class='ocrx_word' id='word_1_220' title='bbox 832 3237 1071 3301; x_wconf 81' lang='lat' dir='ltr'>Wagner.</span> <span class='ocrx_word' id='word_1_221' title='bbox 1123 3240 1491 3290; x_wconf 86' lang='lat' dir='ltr'>Wernsdorfius</span> <span class='ocrx_word' id='word_1_222' title='bbox 1525 3237 1765 3301; x_wconf 83' lang='lat' dir='ltr'>Phocam,</span> <span class='ocrx_word' id='word_1_223' title='bbox 1816 3237 1946 3300; x_wconf 85' lang='lat' dir='ltr'>quod</span> <span class='ocrx_word' id='word_1_224' title='bbox 1979 3235 2124 3285; x_wconf 83' lang='lat' dir='ltr'>Man-</span> 
     </span>
    </p>
   </div>
   <div class='ocr_carea' id='block_1_5' title="bbox 209 3307 2123 3591">
    <p class='ocr_par' dir='ltr' id='par_1_11' title="bbox 209 3307 2123 3591">
     <span class='ocr_line' id='line_1_34' title="bbox 211 3307 2123 3372; baseline -0.005 -10"><span class='ocrx_word' id='word_1_225' title='bbox 211 3324 342 3362; x_wconf 84' lang='lat' dir='ltr'>tuam</span> <span class='ocrx_word' id='word_1_226' title='bbox 386 3313 610 3366; x_wconf 81' lang='lat' dir='ltr'>Etruriae</span> <span class='ocrx_word' id='word_1_227' title='bbox 657 3309 996 3371; x_wconf 86' lang='lat' dir='ltr'>adscripserit,</span> <span class='ocrx_word' id='word_1_228' title='bbox 1062 3315 1235 3360; x_wconf 90' lang='lat' dir='ltr'>erroris</span> <span class='ocrx_word' id='word_1_229' title='bbox 1281 3313 1553 3360; x_wconf 87' lang='lat' dir='ltr'>insimulat:</span> <span class='ocrx_word' id='word_1_230' title='bbox 1606 3310 1806 3372; x_wconf 72' lang='lat' dir='ltr'>injuria!</span> <span class='ocrx_word' id='word_1_231' title='bbox 1871 3307 2123 3370; x_wconf 83' lang='lat' dir='ltr'>Originem</span> 
     </span>
     <span class='ocr_line' id='line_1_35' title="bbox 212 3379 2118 3446; baseline -0.003 -12"><span class='ocrx_word' id='word_1_232' title='bbox 212 3383 440 3434; x_wconf 86' lang='lat' dir='ltr'>Mantuae</span> <span class='ocrx_word' id='word_1_233' title='bbox 466 3382 723 3433; x_wconf 86' lang='lat' dir='ltr'>Etruscam</span> <span class='ocrx_word' id='word_1_234' title='bbox 746 3391 1031 3431; x_wconf 84' lang='lat' dir='ltr'>contestatur</span> <span class='ocrx_word' id='word_1_235' title='bbox 1057 3385 1164 3445; x_wconf 85' lang='lat' dir='ltr'>ipse</span> <span class='ocrx_word' id='word_1_236' title='bbox 1181 3381 1420 3446; x_wconf 82' lang='lat' dir='ltr'>Virgilius</span> <span class='ocrx_word' id='word_1_237' title='bbox 1438 3382 1566 3431; x_wconf 87' lang='lat' dir='ltr'>Aen.</span> <span class='ocrx_word' id='word_1_238' title='bbox 1591 3380 1732 3430; x_wconf 84' lang='lat' dir='ltr'>Libr.</span> <span class='ocrx_word' id='word_1_239' title='bbox 1751 3379 1824 3429; x_wconf 93' lang='lat' dir='ltr'>X.</span> <span class='ocrx_word' id='word_1_240' title='bbox 1846 3397 1891 3429; x_wconf 85' lang='lat' dir='ltr'>v.</span> <span class='ocrx_word' id='word_1_241' title='bbox 1910 3384 2025 3434; x_wconf 86' lang='lat'><strong>198.</strong></span> <span class='ocrx_word' id='word_1_242' title='bbox 2043 3394 2118 3438; x_wconf 81' lang='lat' dir='ltr'>sq·</span> 
     </span>
     <span class='ocr_line' id='line_1_36' title="bbox 209 3451 2120 3515; baseline -0.003 -11"><span class='ocrx_word' id='word_1_243' title='bbox 209 3454 291 3506; x_wconf 83' lang='lat' dir='ltr'>Cf.</span> <span class='ocrx_word' id='word_1_244' title='bbox 331 3453 388 3504; x_wconf 84' lang='lat' dir='ltr'>G.</span> <span class='ocrx_word' id='word_1_245' title='bbox 431 3453 531 3503; x_wconf 86' lang='lat' dir='ltr'>Od.</span> <span class='ocrx_word' id='word_1_246' title='bbox 568 3451 813 3503; x_wconf 78' lang='lat' dir='ltr'>Miillerus</span> <span class='ocrx_word' id='word_1_247' title='bbox 850 3454 901 3501; x_wconf 87' lang='lat' dir='ltr'>in</span> <span class='ocrx_word' id='word_1_248' title='bbox 947 3454 1086 3503; x_wconf 66' lang='lat' dir='ltr'>libr-,2</span> <span class='ocrx_word' id='word_1_249' title='bbox 1131 3454 1236 3503; x_wconf 78' lang='lat' dir='ltr'>Die</span> <span class='ocrx_word' id='word_1_250' title='bbox 1269 3453 1540 3515; x_wconf 78' lang='lat' dir='ltr'>Etrusker,</span> <span class='ocrx_word' id='word_1_251' title='bbox 1586 3451 1645 3502; x_wconf 85' lang='lat' dir='ltr'>T.</span> <span class='ocrx_word' id='word_1_252' title='bbox 1679 3451 1722 3502; x_wconf 81' lang='grc' dir='ltr'><strong>Ῐ.</strong></span> <span class='ocrx_word' id='word_1_253' title='bbox 1752 3470 1823 3514; x_wconf 70' lang='grc' dir='ltr'><strong>Ρ.</strong></span> <span class='ocrx_word' id='word_1_254' title='bbox 1859 3455 1979 3502; x_wconf 83' lang='lat'><strong>137.</strong></span> <span class='ocrx_word' id='word_1_255' title='bbox 2009 3464 2120 3511; x_wconf 73' lang='lat' dir='ltr'>sqq·</span> 
     </span>
     <span class='ocr_line' id='line_1_37' title="bbox 210 3523 1823 3591; baseline -0.002 -13"><span class='ocrx_word' id='word_1_256' title='bbox 210 3535 261 3578; x_wconf 84' lang='lat' dir='ltr'>et</span> <span class='ocrx_word' id='word_1_257' title='bbox 294 3546 343 3591; x_wconf 83' lang='lat' dir='ltr'>p.</span> <span class='ocrx_word' id='word_1_258' title='bbox 376 3532 499 3579; x_wconf 86' lang='grc'><strong>161.</strong></span> <span class='ocrx_word' id='word_1_259' title='bbox 536 3527 746 3591; x_wconf 71' lang='lat' dir='ltr'>itemque</span> <span class='ocrx_word' id='word_1_260' title='bbox 781 3523 1072 3577; x_wconf 85' lang='lat' dir='ltr'>Niebuhrius</span> <span class='ocrx_word' id='word_1_261' title='bbox 1107 3528 1158 3576; x_wconf 87' lang='lat' dir='ltr'>in</span> <span class='ocrx_word' id='word_1_262' title='bbox 1192 3525 1323 3580; x_wconf 86' lang='lat' dir='ltr'>Hist.</span> <span class='ocrx_word' id='word_1_263' title='bbox 1360 3525 1425 3578; x_wconf 88' lang='lat' dir='ltr'>R.</span> <span class='ocrx_word' id='word_1_264' title='bbox 1463 3525 1524 3578; x_wconf 84' lang='lat' dir='ltr'>T.</span> <span class='ocrx_word' id='word_1_265' title='bbox 1544 3524 1586 3579; x_wconf 84' lang='lat'>1.</span> <span class='ocrx_word' id='word_1_266' title='bbox 1621 3543 1673 3589; x_wconf 75' lang='grc' dir='ltr'><strong>Ρ.</strong></span> <span class='ocrx_word' id='word_1_267' title='bbox 1702 3530 1823 3584; x_wconf 78' lang='lat'><strong>119.</strong></span> 
     </span>
    </p>
   </div>
  </div>
 </body>
</html>
