2236 3932
823 200 1163 243 Excunsus
1211 203 1275 239 1.x
1869 181 1992 241 133

90 338 281 401 Sueci
320 338 469 398 libr.
526 358 582 400 c.
626 359 691 418 p.
735 335 882 398 189.
938 335 1098 398 mihi
1150 334 1401 399 videtur
1452 340 1624 396 recte
1681 338 1988 415 dubitare,

94 437 486 517 Quintilium
523 436 704 497 illum
755 435 827 495 in
868 440 1204 516 poetarum
1255 454 1529 497 numero
1582 435 1838 505 h‘ahere.
1922 437 1988 497 Is

88 537 261 597 enim
318 536 374 596 si
430 535 812 598 carminibus
868 533 1087 595 fuisset
1152 535 1356 596 clarus
1370 579 1394 613 ,
1462 528 1793 621 Horatius,
1852 535 1989 618 ejus

86 641 359 695 mortem
414 634 746 714 deplorans
760 678 783 710 ,
843 654 1007 710 non,
1068 640 1258 715 puto,
1330 635 1646 697 omisisset
1700 632 1837 717 ejus
1893 637 1991 696 rei

85 733 477 794 mentionem
532 730 764 792 facere.
859 733 1022 794 Hinc
1082 734 1276 795 etiam
1318 734 1604 815 sequitur
1618 780 1639 812 ,
1696 755 1829 795 non
1870 756 1990 816 po-

85 831 278 891 tuisse
318 851 467 891 eum
506 850 547 890 a
573 831 838 914 Virgilio
870 830 1085 915 Eclog.
1110 833 1226 895 IX.
1269 855 1333 897 v.
1368 831 1474 897 35.
1519 834 1814 915 componi
1845 855 1991 895 cum

87 927 156 989 G.
183 929 410 991 Helvio
438 928 635 990 Cinna
648 975 669 1007 ,
714 938 779 992 et
815 951 1044 993 vanam
1075 952 1211 994 esse
1238 933 1439 995 Ruaei
1479 934 1865 1016 opinionem,
1910 934 1992 992 de

86 1047 213 1108 qua
255 1029 497 1090 dictum
539 1035 634 1090 est
676 1049 870 1110 supra
910 1037 964 1103 §.
994 1029 1057 1091 5.
1100 1030 1244 1092 Not.
1275 1035 1380 1093 20.
1480 1033 1760 1113 Turpior
1801 1032 1991 1092 etiam

85 1134 186 1188 est
226 1147 452 1190 eorum
493 1149 706 1204 error,
752 1130 864 1209 qui
905 1127 1192 1211 ejusdem
1239 1130 1545 1209 Quintil-ii
1578 1138 1851 1193 mortem
1878 1132 2013 1205 des

85 1226 221 1287 fleri
262 1235 488 1308 putant
529 1248 567 1288 a
609 1228 868 1309 Virgilio
911 1227 1127 1311 Eclog.
1158 1227 1239 1289 V.
1282 1247 1347 1291 v.
1383 1230 1522 1289 20.:

169 1326 591 1388 Exstitwtum
628 1327 973 1409 Nymphae
1013 1326 1263 1390 crudeli
1280 1326 1540 1408 funere
1580 1329 1905 1410 Daphnin

169 1426 449 1487 Flebant
465 1451 487 1488 ε

85 1526 198 1586 ubi
241 1525 498 1587 Servius
514 1570 536 1602 ,
579 1523 815 1601 „Ali-i,
856 1525 1094 1606 inquit,
1136 1525 1366 1586 volunt
1414 1525 1803 1606 Quintilium
1851 1526 1924 1589 V
1915 1549 1993 1586 α-

83 1646 234 1684 rum
285 1622 684 1705 segnificari,
743 1635 1094 1703 cognatum
1140 1624 1441 1703 Virgilii,
1502 1627 1581 1686 de
1623 1646 1749 1709 quo
1794 1625 1993 1686 etiam

82 1722 406 1785 Horatius
455 1723 509 1784 Ι.
554 1724 659 1784 od.
705 1725 855 1794 24,“
966 1724 1163 1807 Atqui
1217 1726 1326 1787 illa
1366 1725 1599 1810 Ecloga
1647 1727 1993 1807 composita

83 1829 184 1884 est
238 1843 296 1884 a.
338 1824 412 1884 U.
460 1822 530 1884 c,
578 1826 726 1886 713.
788 1829 852 1885 et
904 1825 1236 1902 Quintilius
1290 1827 1548 1887 demum
1603 1827 1760 1887 obiit
1810 1846 1868 1887 a.
1893 1811 1988 1887 Ἤ.

15 1983 18 1985 ,
84 1923 157 1985 C.
183 1909 367 1984 7'30.!
412 1924 535 2000 Qui
576 1924 657 1984 ad
699 1921 836 2009 ejus
881 1932 950 1987 et
989 1925 1238 2009 Virgilii
1281 1926 1752 2008 cognationem,
1797 1947 1991 2007 quam

82 2020 345 2087 Servius
385 2030 725 2102 memorat,
793 2024 1079 2087 refenmt
1121 2026 1365 2088 Horatii
1420 2026 1650 2089 verba:
1708 2026 1992 2102 „Multis-

80 2121 198 2184 ille
258 2121 443 2183 bonis
492 2122 747 2209 flebilis
818 2125 1082 2200 occid-it,
1148 2125 1341 2188 Nulli
1384 2125 1720 2212 flebilior,
1793 2148 1991 2208 quam

82 2222 232 2299 tibi,
295 2221 619 2300 Virgili,·“
689 2245 799 2286 eos
855 2226 1023 2287 bene
1082 2225 1423 2287 confutavit
1477 2223 1606 2308 jam
1660 2225 1989 2287 Massonus

83 2324 152 2383 in
204 2323 329 2384 Vit.
386 2323 629 2383 Horatii
670 2347 735 2405 p.
782 2327 928 2387 222.
984 2325 1248 2387 Mirifice
1305 2332 1574 2408 nugatur
1634 2325 1753 2388 hac
1807 2327 1874 2386 in
1917 2346 1990 2387 re

83 2424 367 2484 Vincent.
411 2421 778 2484 Lancettius
819 2424 1012 2485 Italus
1067 2426 1111 2487 l.
1151 2446 1207 2487 c.
1268 2448 1334 2507 p.
1375 2429 1438 2486 7.
1478 2447 1574 2507 sq.
1660 2426 1758 2487 De
1800 2427 1992 2487 Prae-

84 2523 342 2584 nomine
385 2520 575 2604 hujus
618 2524 896 2599 Quintilii
938 2525 1097 2584 nihil
1138 2526 1326 2606 plane
1369 2531 1640 2586 constat:
1704 2527 1989 2608 plerique

83 2643 235 2684 eum
276 2622 494 2683 dicunt
535 2622 866 2696 Publium3
923 2624 1081 2686 item
1132 2627 1212 2686 (le
1256 2623 1391 2708 ejus
1437 2625 1826 2708 Cognomine
1871 2627 1991 2686 ‹lu-

82 2722 269 2783 bitari
323 2723 473 2783 licet
538 2729 606 2783 et
648 2723 1013 2785 dubitatum
1058 2731 1152 2786 est
1193 2745 1229 2786 a
1265 2726 1437 2786 Viris
1479 2725 1735 2803 DoctiS,
1793 2733 1866 2786 ut
1908 2727 1987 2786 ab

82 2820 333 2900 Heynio
347 2867 367 2899 ,
413 2822 523 2903 qui
567 2824 803 2896 „nulla
816 2866 839 2898 ,
883 2824 1110 2905 inquit,
1154 2824 1395 2885 idonea
1420 2825 1812 2886 auctoritate
1838 2825 1989 2886 Vari

84 2921 457 3001 cognomine
504 2943 649 2982 eum
703 2924 1040 3005 appellant
1089 2924 1608 2987 Grammaticiss
1663 2926 1765 2987 oui
1807 2925 1988 2986 tacite

84 3040 413 3082 assensum
467 3023 759 3104 praebuit
811 3024 870 3086 J.
914 3023 992 3083 Η.
1038 3023 1296 3086 Vossius
1354 3027 1433 3087 ad
1487 3026 1726 3108 Virgilii
1771 3024 1984 3107 Eclog.

84 3119 197 3180 VI.
237 3141 303 3201 p.
334 3121 480 3182 293.
568 3123 834 3183 Videtur
877 3143 1027 3184 sane
1071 3144 1145 3185 ea
1185 3125 1254 3185 in
1296 3146 1366 3187 re
1392 3126 1795 3203 Hieronymi,
1840 3143 1987 3184 eum

30 3246 34 3250 ¹
85 3219 449 3301 simpliciter
487 3222 751 3282 dicentis
787 3221 1212 3301 Quintilium,
1257 3227 1587 3286 auctoritas
1616 3224 1823 3304 potior
1849 3243 1986 3286 esse

85 3341 280 3400 quam
307 3320 511 3382 Servii
553 3322 632 3381 ad
658 3321 871 3404 Eclog.
902 3320 975 3383 V.
1031 3343 1096 3385 v.
1130 3326 1234 3385 20.
1280 3332 1342 3386 et
1367 3323 1862 3389 Scholiastarum
1905 3323 1985 3383 ad

86 3421 323 3481 Horatii
356 3420 556 3501 Epist.
587 3422 664 3481 ad
696 3421 951 3483 Pisones
980 3443 1039 3485 v.
1065 3424 1211 3485 438.
1256 3425 1501 3485 llorum
1526 3430 1740 3483 tamon
1759 3421 1987 3483 Gram-

86 3521 460 3581 maticorum
519 3520 708 3583 fidem
770 3543 915 3582 (nun
970 3522 1075 3583 alii
1142 3531 1523 3605 sequuntur,
1597 3528 1736 3582 tum
1791 3522 1986 3583 etiam

87 3618 348 3682 Jalmius
405 3622 484 3683 ad
538 3621 779 3683 Horatii
836 3621 1013 3685 Libr.
1059 3623 1109 3685 1.
1149 3625 1254 3686 od.
1314 3625 1447 3700 18„
1532 3622 1632 3685 cui
1703 3622 1983 3699 carmini,
