2236 3932
209 142 330 202 168
790 160 872 200 υΕ
919 163 977 201 1..
1007 161 1213 204 vAluo
1260 159 1500 200 rom-A.

805 301 1334 398 E'xcmzsus
1379 334 1488 395 VI.

1101 507 1211 560 nn

352 622 822 699 GRACCHO
871 618 1006 696 ET
1057 622 1541 698 PROGULO
1588 623 1969 701 POETIS.

375 794 495 870 Qui
559 793 640 852 ad
704 791 1044 855 dicendum
1110 793 1544 855 testimonium
1604 794 1685 856 de
1749 791 1829 853 L.
1887 792 2104 871 Vario,

174 876 392 974 'poeta
432 891 703 974 tragico,
757 911 947 973 supra
989 900 1039 966 §.
1076 893 1175 953 12.
1219 914 1257 954 a
1297 913 1405 955 me
1449 893 1746 976 allegatus
1789 898 1885 954 est
1925 892 2106 954 locus

209 989 421 1053 Ovidii
463 1010 549 1051 ex
590 989 796 1051 Ponto
837 987 1016 1051 Libr.
1044 990 1158 1053 IV.
1201 991 1399 1074 Epist.
1448 993 1548 1054 16.
1590 1014 1656 1055 v.
1687 993 1792 1055 31.

299 1091 515 1169 Quum
587 1088 836 1153 Varius
897 1090 1352 1174 Gracchusque
1417 1092 1656 1154 darent
1701 1092 1875 1177 fera
1932 1089 2109 1151 dicta

1239 1189 1514 1271 tyranni
1521 1213 1543 1265 ,-

383 1288 772 1353 Callimachi
808 1291 1125 1353 Proculus
1166 1291 1359 1350 molle
1400 1299 1646 1351 teneret
1686 1287 1844 1374 iter-3

206 1389 262 1449 is
316 1389 683 1451 uberiorem
734 1391 998 1472 praebet
1050 1389 1395 1450 disserendi
1453 1387 1789 1449 materiam
1850 1392 2112 1470 propter

214 1489 582 1550 Gracchum
623 1494 690 1550 et
730 1490 1082 1551 Proculum
1121 1495 1339 1570 poetas
1351 1532 1371 1567 ,
1431 1489 1512 1548 de
1554 1508 1830 1568 quorum
1874 1488 2005 1550 vita
2048 1493 2115 1548 et

211 1588 592 1648 carminibus
649 1609 784 1648 non
850 1588 974 1647 nisi
1037 1588 1198 1650 levis
1253 1593 1318 1648 et
1387 1589 1773 1669 perobscura
1828 1591 2116 1669 superest

209 1687 537 1747 memoria.
622 1686 764 1747 Non
812 1687 948 1746 sine
989 1683 1232 1747 ratione
1276 1706 1423 1747 cum
1454 1686 1650 1748 Vario
1689 1671 1992 1767 ‘componi
2033 1685 2114 1746 ab

213 1782 444 1850 Ovidio
486 1784 945 1845 existimandus
989 1791 1086 1846 est
1125 1785 1231 1846 ille
1281 1786 1614 1847 Gracchus
1626 1829 1646 1862 ‚
1688 1784 1872 1865 utqui
1898 1784 2118 1845 itidem

211 1883 550 1966 tragoediis
613 1883 903 1944 illustris
945 1883 1145 1945 fuerit
1207 1891 1274 1946 et
1338 1884 1715 1945 nominatim
1781 1883 2119 1964 Thyestem

213 2002 471 2064 quoque
514 1983 853 2064 scripserit.
938 1983 1125 2045 Hunc
1153 1982 1511 2046 Gracchum
1537 1989 1788 2065 poetam
1817 2003 1905 2044 ex
1931 1988 2120 2066 gente

214 2080 595 2164 Sempronia
633 2080 828 2144 fuisse
871 2083 1146 2144 dubitari
1186 2084 1439 2164 nequit:
1479 2083 1627 2146 vide
1653 2081 1935 2143 Ellendti
1962 2081 2122 2149 Pro-

214 2181 445 2263 legom.
501 2182 568 2242 in
623 2179 940 2244 Ciceronis
994 2182 1175 2246 Brut.
1230 2205 1296 2264 p.
1340 2182 1673 2244 XXXVII.
1705 2201 1844 2262 sqq.
1891 2213 1980 2227 -—-
2035 2179 2123 2240 At

214 2278 480 2340 mirifica
522 2287 619 2342 est
662 2281 1021 2343 allucinatio
1065 2281 1146 2345 G.
1177 2280 1236 2344 J.
1263 2281 1472 2344 Vossii
1516 2283 1597 2343 ‹le
1635 2281 1898 2362 Analog.
1941 2277 2123 2339 Libr.

216 2378 269 2438 Ι.
315 2398 370 2441 c.
402 2382 506 2441 22.
548 2402 612 2462 p.
650 2380 792 2442 145.
835 2379 980 2445 Vol.
1023 2379 1110 2443 II.
1158 2379 1326 2463 Opp.
1369 2381 1778 2458 invenientiS,
1830 2384 1902 2439 ut
1942 2378 2125 2441 vide·

216 2483 351 2556 tur,
397 2479 565 2560 apud
601 2477 899 2542 Ovidium
941 2480 1186 2559 Gaium
1220 2481 1624 2556 Gracchum,
1668 2478 1946 2555 Tiberii,
1989 2483 2126 2539 tur-

218 2578 636 2639 bulentissimi
676 2579 854 2641 istius
896 2580 1134 2641 tribuni
1179 2580 1268 2662 pl.
1284 2623 1305 2658 ‚
1347 2578 1631 2641 fratrem.
1717 2578 1792 2641 N.
1835 2577 2127 2639 Heinsius

220 2677 301 2738 ad
353 2674 567 2739 Ovidii
619 2678 831 2741 locum
892 2678 1191 2741 Vossium
1247 2679 1318 2740 in
1358 2699 1647 2742 errorem
1689 2679 1949 2738 ductum
1990 2695 2128 2738 esse

221 2775 310 2837 ait
363 2795 402 2836 a
448 2774 768 2838 Prisciano
821 2777 1001 2839 Libr.
1048 2777 1161 2839 VI.
1220 2800 1287 2860 p.
1337 2777 1520 2855 685„
1589 2778 1702 2838 ubi
1755 2777 1999 2859 legatur
2057 2776 2127 2838 G.

230 2874 564 2937 Gracchus
619 2873 692 2935 in
749 2876 1121 2952 Atalanta3
1195 2878 1310 2938 sed
1367 2876 1647 2952 fallitur,
1703 2880 1778 2936 ut
1822 2873 1988 2935 infra
2028 2873 2130 2936 vi-

227 2975 539 3035 debimuS.
567 3010 654 3020 —-
695 2975 895 3038 Porro
935 2976 1011 3038 N.
1038 2976 1328 3038 Heinsius
1370 2975 1600 3054 refert,
1645 2975 1813 3057 apud
1856 2973 2129 3055 Calpur-

230 3074 408 3134 nium
461 3073 755 3135 Pisonem
809 3075 971 3137 libro
1032 3077 1307 3138 sectmdo
1368 3076 1448 3136 de
1510 3073 1912 3136 Continentia
1963 3071 2129 3133 Poe·

227 3179 467 3251 tarum,
539 3173 711 3254 quod
780 3194 939 3255 opus
999 3175 1072 3237 P.
1142 3175 1384 3236 Merula
1453 3176 1533 3236 ad
1599 3172 1787 3234 Ennii
1850 3171 2129 3234 Annales

231 3273 477 3354 saepius
519 3273 773 3350 laudet,
831 3273 1099 3354 proferri
1156 3295 1412 3337 versum
1454 3275 1912 3336 Hexametmm
1953 3271 2130 3328 Sem-

227 3369 458 3451 pronii
503 3369 702 3450 Graii
737 3368 1091 3455 cujusdam,
1145 3395 1265 3457 pro
1316 3394 1446 3457 quo
1487 3368 1857 3454 Sempronii
1897 3362 2136 3431 Gracci

236 3488 473 3530 nomen
534 3472 969 3554 reponendum
1032 3478 1266 3536 censet.
1373 3470 1744 3535 Verissimet
1812 3468 1902 3532 ita
1955 3463 2126 3527 enim
