2236 3932
0 3378 3 3458 l

0 3501 4 3665 ι

1 3695 7 3932 ἱ

683 218 765 257 m:
811 211 1037 257 cAssio
1086 214 1451 256 rAnmnmss.
1909 194 2030 254 199

126 354 517 434 „Transtulit
586 352 828 415 crimen
887 350 1138 413 Cassius
1204 348 1504 413 Severus.
1616 348 1671 409 Ν
1671 350 1807 427 am,
1881 370 2028 411 cum

125 453 569 538 objurgaretur
610 474 648 514 a
690 458 1015 534 praetore,
1060 451 1252 534 quod·
1276 449 1564 514 advocati
1591 445 1726 532 ejus
1752 449 1828 509 L.
1861 448 2025 511 Varo

119 554 436 635 Epicureo
468 552 749 613 Caesaris
778 551 983 613 amico
1017 550 1373 614 convicium
1404 547 1726 623 fecissent3
1771 548 2024 623 Nescia,

122 653 365 734 inquit,
410 649 527 734 qui
547 649 902 711 conviciati
934 651 1102 712 sint.-
1146 661 1208 712 et
1230 661 1428 733 pute,
1473 647 1716 710 Stoicos
1726 647 2027 730 fuissef‘

124 751 492 834 Spaldingio
505 795 525 828 ,
583 771 764 812 suam
808 748 1235 834 conjecturam
1276 750 1345 810 in
1383 747 1659 811 Praefat.
1703 749 1782 810 ad
1828 748 2024 824 Quin-

121 850 321 910 tiliani
362 849 508 910 Vol.
538 850 623 910 H.
668 873 730 931 p.
763 849 905 911 VII.
954 851 1269 932 copiosius
1326 849 1706 933 exponenti,
1765 849 2024 909 accessit

119 969 326 1030 nuper
378 948 678 1029 Meyerus
731 950 800 1010 in
857 949 1060 1012 Oratt.
1118 952 1303 1012 Rom.
1359 950 1607 1034 Fragm.
1663 972 1729 1031 p.
1768 950 1915 1009 228.
1959 953 2025 1008 et

120 1049 353 1111 videsis
369 1094 390 1126 ,
467 1070 630 1131 quae
701 1070 817 1135 ego
883 1071 1076 1133 supra
1146 1050 1410 1142 disserui
1465 1051 1548 1110 ad
1603 1048 2021 1111 Commentat.

121 1149 200 1208 de
241 1149 323 1209 L.
362 1149 434 1212 V
425 1149 574 1210 ανίο
616 1153 818 1211 Poeta
860 1150 927 1211 in
955 1135 1311 1211 Excurssl.
1355 1172 1420 1231 p.
1468 1151 1609 1210 130.
1641 1170 1737 1231 sq.
1824 1148 2022 1225 Quin-

119 1248 334 1309 tiliano
376 1248 529 1308 Inst.
577 1248 691 1310 Or.
734 1248 915 1309 Libr.
954 1247 1070 1309 XI.
1116 1270 1171 1310 c.
1203 1250 1261 1310 l.
1306 1257 1357 1323 §.
1395 1247 1496 1308 57.
1540 1249 1623 1309 01)
1669 1247 2024 1309 confessam

120 1349 452 1408 accusandi
478 1350 868 1431 voluptatem
910 1369 1043 1410 non
1084 1348 1486 1410 mediocriter
1528 1348 1845 1428 displicuit
1872 1347 2023 1408 Cas-

118 1448 332 1508 sianae
361 1448 526 1509 illius
552 1448 962 1510 accusationis
994 1447 1368 1509 exordium:
1411 1446 1586 1524 „Dii
1606 1446 1788 1521 boni,
1834 1446 1982 1507 vivo
2002 1471 2020 1507 :

119 1558 200 1624 et,
245 1568 370 1630 quo
398 1569 501 1608 ‘me
528 1548 747 1610 vivere
763 1548 972 1626 juvet,
1014 1545 1456 1630 Asprenatem
1482 1567 1666 1607 rewm
1686 1545 1872 1608 video
1885 1546 2023 1625 ¹⁰).“

984 1727 1037 1794 §.
1082 1717 1144 1781 5.

289 1865 682 1944 Quamquam
738 1862 986 1923 Cassius
1043 1860 1319 1925 Severus
1374 1861 1650 1923 Nonium
1706 1861 2022 1945 Asprena-

116 1970 245 2024 tem
260 2007 298 2041 ,Ι
325 1963 652 2023 hominem
693 1968 1014 2044 potentem
1057 1967 1123 2022 et
1148 1962 1436 2046 Augusto
1481 1962 1673 2022 artius
1715 1959 2021 2048 jmlctum,

115 2063 314 2123 multa
358 2083 502 2123 cum
525 2063 818 2123 libertate
848 2068 914 2123 et
941 2063 1276 2123 acerbitate
1305 2081 1487 2123 reum
1516 2068 1764 2145 egerat3
1809 2068 2023 2123 tamen

115 2182 191 2223 ea
234 2163 547 2223 accusatio
589 2162 746 2222 nihil
790 2162 1004 2223 damni
1055 2162 1522 2223 incommodive
1565 2161 1627 2222 ei
1670 2162 1911 2239 attulit,
1969 2161 2022 2223 si

115 2261 269 2322 fides
325 2268 423 2322 est
475 2261 666 2322 Dioni
722 2260 937 2322 Cassio
979 2261 1157 2322 Libr.
1187 2261 1325 2321 LV.
1371 2281 1426 2322 c.
1461 2262 1523 2321 4.
1609 2259 1769 2321 Nam
1809 2259 2021 2345 Augu-

116 2367 251 2421 stus
304 2383 435 2422 non
488 2362 679 2422 modo
736 2362 914 2421 nulla
974 2378 1125 2422 eum
1178 2361 1276 2422 ira
1316 2368 1455 2422 tum
1497 2345 1859 2442 persecutus
1902 2366 2019 2438 est,

117 2460 229 2521 sed
273 2462 567 2521 eumdem
612 2461 803 2522 etiam
845 2482 1098 2522 morum
1143 2481 1360 2523 caussa
1401 2481 1587 2522 reum
1628 2458 1864 2520 factum
1906 2461 2020 2520 ab-

117 2559 326 2621 solvit.
430 2558 674 2622 Verum
726 2568 939 2621 tamen
995 2581 1140 2621 cum
1191 2561 1313 2622 iste
1370 2582 1503 2621 non
1549 2565 1794 2620 tantum
1835 2579 2019 2621 accu-

116 2659 295 2719 sandi
337 2658 598 2721 libidine
640 2661 872 2721 multos
916 2660 1218 2737 violaret,
1264 2661 1378 2721 sed
1420 2660 1612 2720 etiam
1649 2659 2020 2740 procacibus

116 2758 364 2840 scriptis
406 2759 578 2821 viros
621 2759 1013 2840 feminasque
1059 2759 1336 2820 illustres
1383 2756 1762 2836 diffamaret,
1806 2758 2020 2841 Augu-

117 2864 286 2935 stu8‚
357 2858 643 2940 quamvis
685 2859 854 2940 ipse,
921 2865 992 2919 ut
1035 2879 1123 2920 ex
1166 2858 1474 2921 Suetonio
1518 2879 1572 2921 c.
1618 2856 1721 2919 55.
1767 2859 2016 2934 scimus,

116 2978 366 3040 sparsos
410 2959 491 3019 de
536 2980 603 3020 se
645 2958 888 3019 libellos
917 2980 1123 3040 neque
1150 2963 1602 3042 expavesceret
1643 2978 1762 3019 nec
1792 2978 2017 3040 magna

116 3079 262 3118 cum
306 3078 456 3120 cura
484 3060 928 3141 redargueret,
971 3080 1103 3120 non
1130 3064 1379 3141 poterat
1407 3058 1564 3140 quin
1594 3058 2017 3141 cognitionem

117 3156 196 3217 de
237 3155 492 3219 famosis
528 3158 756 3219 libellis
800 3163 1133 3237 tractaret,
1191 3159 1401 3241 specie
1441 3157 1674 3221 veteris
1716 3157 1881 3217 illius
1923 3156 2015 3217 le·

115 3255 244 3339 gis,
306 3257 386 3318 de
443 3278 569 3338 qua
627 3257 791 3318 dixit
847 3256 1066 3321 Cicero
1110 3258 1189 3320 (le
1232 3258 1499 3341 Republ.
1543 3256 1721 3316 Libr.
1751 3254 1863 3315 IV.
1912 3257 2013 3316 10.

116 3375 180 3437 p.
212 3356 358 3416 436.
402 3358 502 3417 ed.
546 3356 777 3418 Moser.
863 3357 939 3418 Id
980 3358 1328 3443 Augustum
1370 3359 1647 3440 primum
1675 3355 2015 3417 instItuisse

0 3487 1 3495 κ
119 3455 314 3516 Cassii
340 3452 562 3517 Severi
588 3457 845 3518 libidine
872 3466 1290 3538 commotum,
1334 3458 1665 3542 perspicue
1692 3462 2015 3517 attestatur

265 3658 356 3721 10)
398 3655 628 3707 Censen-as
667 3657 870 3709 Excurs.
900 3655 941 3707 Ι.
