2236 3932
650 212 732 254 nn
777 209 1005 253 cuno
1052 206 1419 251 unumst.
1876 189 2010 250 287

97 357 318 435 garten
331 381 367 396 ·
380 347 641 411 Grusius
707 360 775 409 et
841 346 1201 421 Paldamus,
1288 352 1364 405 at
1411 361 1532 426 ego
1585 361 1814 404 vereor
1827 385 1848 420 ‚
1919 364 2005 405 ne·

96 453 216 511 hac
250 450 498 510 ratione
540 466 807 509 acumen
842 446 995 506 dicti
1022 445 1376 517 minuatur,
1421 442 1486 503 et
1507 440 1820 523 potiorem
1851 462 2002 502 cen-

95 571 205 611 seo
289 547 601 608 rationem
674 545 934 606 Graevii
1012 541 1391 625 explicantis
1470 538 2000 601 recentissimum.

94 649 150 709 N
150 670 253 709 am
325 668 472 707 omn
539 643 847 705 Antonius
916 643 1211 719 dixisset,
1292 660 1602 723 proavum
1677 637 2003 701 Octaviani

92 755 455 808 maternum
523 743 720 804 fuisse
789 742 933 803 Afri
1003 743 1252 825 generis
1313 747 1381 802 et
1434 739 1695 822 posthac
1751 738 2003 799 Ariciae

32 848 34 851 ’
92 844 404 909 advenam
462 843 826 904 exercuisse
879 843 1071 903 modo
1127 825 2003 923 unguentariam'tabernam,

93 947 285 1008 modo
326 943 695 1026 pistrinum3
740 947 914 1023 patet
959 937 1095 1022 ejus
1135 939 1366 1016 filimn,
1411 937 1748 1000 Octaviani
1789 945 2000 1014 aium,

90 1045 282 1106 fuisse
336 1043 641 1125 pistorem
699 1042 972 1102 crudum
1024 1039 1090 1100 h.
1134 1058 1193 1100 e.
1235 1044 1559 1100 recentem
1575 1080 1594 1114 ,
1655 1038 1841 1118 utqui
1881 1051 2003 1097 nus

89 1165 208 1227 per
251 1146 510 1204 demum
564 1140 816 1203 Ariciae
871 1138 1153 1221 coeperit
1204 1137 1548 1220 pistrimnn
1591 1157 1896 1198 exercere
1938 1142 2001 1198 et
2018 1165 2023 1168 ··

28 1232 31 1235 ’
89 1244 270 1326 operi
327 1243 591 1325 pistorio
649 1242 915 1303 vixdum
976 1240 1271 1299 adsuetus
1317 1237 1415 1297 sit.
1502 1235 1646 1297 Jam
1691 1236 1999 1299 Graevius

91 1343 352 1405 contulit
388 1366 389 1370 ¹
421 1362 508 1404 ex
567 1341 775 1402 Taciti
829 1340 1055 1400 Annal.
1116 1337 1293 1398 Libr.
1337 1336 1390 1396 I.
1450 1356 1504 1396 c.
1545 1338 1609 1397 8.
1667 1334 2003 1396 servitiam

91 1445 401 1518 crudum,-
462 1441 563 1502 cui
620 1439 887 1500 Romani
957 1439 1240 1499 nondum*
1282 1435 1523 1496 adsueti
1566 1443 1767 1495 erant.
1871 1436 2000 1497 Ad-

89 1545 274 1603 datur
316 1558 403 1602 ex
448 1539 638 1600 Statii
682 1538 890 1599 Theb.
934 1537 1112 1597 Libr.
1142 1535 1226 1595 Π.
1268 1555 1333 1597 v.
1366 1536 1544 1595 341.:
1589 1536 1726 1610 „Et
1767 1534 1830 1595 si
1850 1558 1999 1596 cmc-⁶

90 1643 215 1702 ἀπε
270 1656 460 1701 amor
476 1683 497 1713 ,
568 1640 846 1698 necdum
897 1646 1045 1720 post
1087 1636 1419 1722 flammea
1479 1634 1604 1695 toti
1640 1636 2015 1717 -Intep'were

85 1741 218 1802 tori
230 1746 303 1815 ,“
343 1741 387 1800 i.
418 1760 476 1800 e.
522 1756 703 1798 amor
743 1747 967 1799 recens
985 1780 1003 1813 ‚
1055 1735 1429 1795 immaturus
1443 1777 1463 1811 ‚
1519 1735 1794 1795 necdum
1837 1740 2021 1796 tem·

86 1842 257 1922 poris
313 1840 773 1922 longinquitate
829 1837 1134 1896 firmatuS.
1246 1833 1351 1894 Ex
1408 1831 1698 1917 ejusdem
1767 1835 1999 1896 Achill.

86 1941 264 2000 Libr.
294 1940 346 1999 1.
389 1942 455 2000 ν’.
484 1940 630 1998 477.
685 1939 941 2014 „Cujus
1002 1934 1083 1993 ab
1130 1943 1281 1994 ortu
1343 1934 1566 1995 Cruda
1619 1933 2013 1996 rudimentur

86 2051 147 2100 et
211 2051 483 2100 teneros>
516 2039 923 2118 fimnnverat
978 2054 1193 2094 annos
1252 2035 1693 2109 Centaurusf‘
1776 2033 2019 2096 Petro-r

82 2140 223 2200 nius
239 2138 449 2217 Satyr-
487 2155 543 2198 o.
576 2139 675 2198 4.:
720 2135 1040 2214 ,‚Dez'nde,
1072 2152 1271 2216 quum
1302 2133 1394 2193 ad
1421 2142 1580 2192 vota
1601 2144 2015 2216 properant.

84 2241 291 2300 cruda
349 2237 570 2298 adhuc
624 2235 850 2297 studia
906 2233 983 2295 in
1017 2235 1267 2315 Jbrum
1317 2234 1693 2315 propellunt
1707 2239 1782 2295 .·“
1836 2234 1995 2316 ibiq.

80 2340 427 2399 Burmann.
470 2329 617 2397 Vol.
650 2332 703 2396 Ι.
746 2356 811 2416 p.
844 2335 949 2395 24.
1027 2335 1084 2394 'C
1089 2334 1290 2394 assius
1327 2333 1716 2411 ParmensiS,
1761 2335 1996 2415 quippe

81 2445 270 2520 poeta
286 2481 306 2515 ‚
364 2435 747 2517 exquisitius
792 2434 1073 2515 scripsit,
1117 2432 1441 2514 poeticum
1482 2433 1779 2494 vocabuli
1819 2434 1995 2496 istius

82 2557 267 2597 usum
339 2542 625 2610 secutus,
698 2540 765 2594 et
832 2533 922 2595 sic
987 2533 1296 2595 novitium
1367 2553 1563 2615 genus
1631 2539 1994 2594 maternum

82 2634 408 2698 Octaviani
452 2654 600 2695 cum
641 2633 879 2716 probro
925 2631 1314 2715 significavit.
1344 2666 1431 2677 —-
1471 2631 1648 2694 Hanc
1667 2631 1992 2713 farinam

78 2737 120 2796 i.
165 2755 223 2797 e.
269 2735 542 2817 puellam
560 2777 579 2812 ‚
650 2734 901 2817 pistoris
945 2732 1174 2810 filiam,
1237 2732 1307 2791 in
1349 2732 1825 2792 matrimonium
1870 2735 1990 2793 du-

82 2843 249 2897 ctam
268 2834 519 2916 finxit.-
568 2853 762 2916 quam
805 2833 1143 2895 lectionem
1186 2829 1387 2893 codd.
1430 2832 1778 2893 multorum
1817 2833 1990 2893 testi-

75 2935 295 2996 monio
324 2934 638 2996 firmatam
664 2933 1073 2995 casaubonus
1101 2932 1291 2993 Tom.
1319 2930 1434 2991 111.
1476 2951 1541 3013 p.
1574 2932 1720 2992 237.
1750 2931 1850 2991 W.
1881 2951 1992 2992 co·-

77 3034 256 3116 piose
310 3034 624 3115 docteque
683 3031 964 3095 defendit
1021 3050 1261 3112 suaque
1334 3031 1701 3093 auctoritate
1760 3027 1989 3107 effecit,

77 3153 220 3194 eam
274 3140 348 3195 ut
394 3154 619 3196 onmes
663 3133 955 3194 Editores
1009 3133 1561 3214 amplecterentur.
1666 3129 1987 3190 Casaubo-

76 3252 197 3294 nus
255 3233 417 3295 hanc
475 3234 536 3295 ei
595 3229 866 3315 subjecit
924 3230 1333 3293 sententiam:
1407 3250 1562 3293 avus
1632 3227 1984 3306 Octaviani,

76 3332 188 3413 qui
243 3337 411 3393 esset
466 3331 860 3393 numularius
915 3327 1406 3414 abjectissimae,
1480 3351 1560 3390 ex
1628 3348 1703 3389 ea
1759 3327 1984 3405 farina,

75 3450 268 3513 quam
321 3438 674 3513 sumpserat
728 3433 808 3492 de
865 3431 1106 3513 pistore
1162 3429 1450 3507 Aricino,
1514 3427 1702 3487 finxit
1746 3433 1811 3488 et
1852 3427 1988 3488 for-

73 3532 268 3594 mavit
297 3537 621 3612 tamquam
650 3530 916 3613 aliquod·
941 3528 1317 3592 dulciarium
1351 3549 1513 3612 opus
1531 3573 1548 3605 ‚
1579 3528 1643 3588 h.
1676 3546 1736 3588 e.
1770 3528 1989 3611 genuit

76 3637 322 3711 patrem
365 3629 725 3693 Octavium.
814 3627 933 3691 Cui
973 3629 1237 3712 quidem
1286 3623 1794 3710 interpretationi
1836 3646 1988 3709 per-
