2236 3932
242 124 370 184 278
819 146 901 186 m:
948 146 1172 187 cAss1o
1219 147 1584 188 rAaMExsx.

244 285 373 356 est,
449 285 669 339 aetate.
783 279 1023 340 Versus
1078 280 1321 362 primus
1375 300 1529 362 prae
1577 283 1841 344 caeteris
1887 284 2147 346 vexavit

243 378 625 458 Interpretes
641 422 661 454 ‚
731 398 880 437 oum
935 399 1067 438 non
1135 378 1476 456 haberent,
1568 376 1696 462 quo
1749 402 1814 444 v.
1871 381 2149 441 istorum

244 475 568 536 referrent.
678 474 1028 537 Offensioni
1089 477 1279 537 etiam
1335 478 1489 555 fuit,
1551 482 1724 560 quod
1767 481 1872 541 hic
1917 481 2152 540 chora-

239 596 366 652 gu&
410 576 651 635 dicatur
693 575 999 650 conduci,
1047 598 1192 637 cum
1235 578 1443 656 potius
1489 578 1743 661 choragi
1787 581 1867 639 sit
1912 581 2150 640 condu-

248 693 394 734 cere
438 673 822 755 choragium.
912 676 1120 751 Quare
1145 676 1249 736 hic
1275 696 1496 736 Versus
1539 677 1729 738 variis
1757 678 1963 738 modis
2009 698 2151 737 cor-

246 772 752 852 rectionibusque
809 779 1115 851 tentatus,
1175 794 1259 834 ne
1317 774 1552 852 dicam,
1610 776 1977 858 inquinatus
2034 781 2150 835 est.

247 870 319 931 N.
354 869 595 931 Heinsii
642 878 709 931 et
754 871 1012 934 Graevii
1056 873 1398 935 correctioz

340 970 500 1030 Cum
569 969 840 1038 ‚mimum>
906 970 1263 1032 histrorum
1331 971 1648 1034 conduxit
1713 995 1941 1034 mensa
2001 973 2152 1034 cho-

1286 1070 1466 1149 ragz‘3

249 1166 584 1229 violentior
645 1175 745 1230 est
798 1189 990 1250 quam
1046 1188 1210 1250 quae
1278 1170 1573 1250 cuiquam
1627 1172 1825 1252 possit
1878 1170 2151 1252 probari.

248 1265 554 1348 Displicet
608 1290 864 1350 quoque
923 1268 1124 1329 hister
1191 1290 1310 1350 pro
1368 1269 1714 1348 histrione,
1773 1270 2155 1332 vocabulum

253 1366 536 1428 Tuscum
592 1389 629 1428 a
681 1369 935 1430 nemine
978 1369 1101 1430 alio
1143 1368 1580 1430 Romanorum
1621 1352 2028 1451 usurpatum,
2088 1374 2160 1428 ut

252 1464 545 1529 discimus
594 1488 693 1529 ex
746 1467 915 1530 Livii
970 1467 1147 1528 Libr.
1195 1468 1335 1530 VII.
1397 1489 1450 1529 c.
1495 1471 1558 1529 2.
1613 1478 1664 1543 §.
1701 1471 1762 1531 6.
1866 1469 2158 1549 Denique

251 1564 487 1626 mimus
543 1567 901 1628 histrorum
957 1568 1067 1629 vix
1107 1569 1197 1627 ita
1240 1567 1365 1628 dici
1405 1574 1687 1648 poterat,
1730 1574 1800 1629 ut
1842 1566 2154 1650 significa-

253 1670 476 1742 rentur
530 1667 768 1728 mimici
824 1667 1160 1728 histriones
1173 1710 1196 1742 ,
1266 1688 1397 1727 non
1438 1667 1577 1729 veri
1618 1667 1991 1744 hi'strioneS,
2049 1665 2162 1747 qui

251 1764 449 1826 instar
501 1765 886 1827 histrionum
941 1767 1278 1827 induerant
1330 1786 1627 1847 personas
1684 1767 1949 1827 deorum
2009 1765 2161 1825 dea-

253 1884 526 1945 rumque
568 1887 698 1927 non
738 1866 809 1926 in
851 1886 1072 1943 scena,
1118 1867 1232 1927 sed
1273 1866 1343 1926 in
1386 1864 1714 1942 convivio,
1758 1865 1828 1925 in
1871 1885 2000 1946 quo
2038 1864 2159 1925 mi·-

253 1983 432 2023 mum
471 1964 652 2025 illum
681 1966 1003 2047 epularem
1033 1967 1242 2025 δώδεκα
1278 1970 1432 2024 θεῶν
1459 1964 1661 2025 acturi
1690 1970 1890 2026 erant.
1958 1963 2159 2024 Multo

255 2063 448 2124 etiam
511 2065 807 2126 audacius
861 2071 960 2126 est
1015 2073 1337 2127 tentamen
1396 2063 1475 2126 G.
1517 2064 1596 2123 H.
1635 2063 2020 2124 Bernsteinii
2082 2063 2155 2122 in

257 2163 432 2223 filu-,2
497 2165 740 2229 Versus
782 2164 1022 2225 ludicri
1056 2164 1130 2226 in
1170 2167 1511 2226 Romanos
1559 2165 1891 2226 Caesare-5.
1952 2162 2153 2243 (Halis

256 2261 415 2327 Sax.
465 2264 654 2325 1810.
699 2264 792 2344 8.)
837 2287 899 2345 p.
935 2265 1038 2327 51.
1084 2262 1510 2348 conjicientisz

352 2365 569 2444 Quum
636 2363 906 2425 Bromio
974 2362 1251 2425 ictorum
1304 2361 1647 2445 conspexit
1709 2383 1941 2422 mensa
2011 2359 2164 2420 cho-

1292 2484 1550 2541 ragam.

248 2562 587 2626 'Ernestius
629 2570 702 2624 ut
742 2565 836 2625 rei
880 2561 1314 2626 difficultatem
1355 2562 1719 2644 expediret,
1764 2558 2042 2643 confugit
2084 2559 2165 2619 ad

259 2663 636 2747 hypallagen
701 2664 931 2726 merito
990 2663 1386 2744 repudiatam
1443 2663 1520 2723 ab
1579 2662 1733 2723 aliis.
1844 2659 2165 2741 Equidem

252 2762 432 2824 'hunc
473 2783 734 2825 versum
747 2809 767 2840 ‚
825 2763 953 2826 levi
996 2762 1274 2823 adhibita
1315 2761 1667 2823 mutatione
1680 2805 1702 2840 ,
1761 2758 2168 2820 scribendum

264 2883 523 2924 censeot

358 2963 575 3042 Quum
639 2959 933 3044 primum
1000 2959 1277 3022 istorum
1348 2957 1667 3021 conduxit
1722 2978 1952 3018 mensa
2012 2955 2164 3015 cho-

1297 3080 1563 3137 ragium
1579 3081 1600 3119 .·

263 3160 716 3246 praeeuntibus
773 3157 1139 3221 Casaubono
1155 3203 1176 3237 ‚
1244 3159 1607 3219 But-manno
1672 3164 1736 3218 et
1791 3154 2166 3218 Oudendor-

264 3262 374 3347 pio
389 3307 409 3339 ,
466 3281 503 3322 a
546 3260 775 3342 quibus
815 3260 1000 3319 metri
1042 3259 1240 3342 gratia
1284 3262 1687 3337 comparatur
1730 3254 1996 3323 Ovidius
2027 3251 2166 3330 Me?

266 3369 420 3425 tm.
462 3359 641 3421 Libr.
670 3356 815 3420 XV.
859 3378 922 3423 v..
952 3358 1100 3418 718.
1186 3357 1323 3433 „Et
1364 3356 1554 3416 tellus
1601 3354 1868 3430 Circaea
1903 3348 2165 3432 (eti-spis-

258 3458 567 3524 ·silitoris
603 3455 959 3520 Antium.“
1042 3456 1186 3518 Alia
1216 3455 1614 3534 -Synizeseos
1642 3451 1828 3542 hujus
1871 3447 2163 3541 exempla

179 3615 181 3618 Α
271 3560 453 3627 attuli
513 3558 577 3619 in
637 3555 1177 3619 Commentatione
1236 3557 1317 3617 de
1346 3554 1440 3617 L.
1484 3552 1705 3619 Vario
1743 3555 1970 3615 Poeta
1998 3556 2057 3622 ς.
2100 3546 2162 3607 4.
