2236 3932
680 221 761 261 nn
809 223 866 263 ι.
894 221 1102 264 VAmo
1148 218 1389 260 POETA.
1906 198 1986 260 19

255 357 401 442 Quo
441 357 512 419 in
551 358 694 421 loco
738 355 1015 419 dubitari
1053 353 1279 436 nequit
1317 352 1476 435 quin
1517 352 1602 414 sit
1631 353 1988 439 intelligen-

86 462 206 522 dus
274 457 345 520 C.
400 458 663 521 Helvius
722 457 920 519 Cinna
934 501 955 535 ,
1026 453 1458 518 nobilissimus
1531 453 1640 514 ifle
1714 454 1989 534 scriptor

86 562 440 639 Zmyrnae3
486 557 661 638 quod
702 557 1014 620 novennis
1059 554 1252 618 studii
1295 573 1551 614 carmen
1590 553 1808 612 multis
1850 553 1991 614 lau-

88 660 272 719 dibus
316 655 500 719 effert
542 656 824 717 Catuilus
870 656 1076 716 Carm.
1102 651 1296 714 XCV.
1311 698 1332 731 ,
1377 672 1685 733 suamque
1725 652 1817 712 ibi
1846 674 1993 714 cum

90 756 290 817 Cinna
333 755 673 817 amicitiam
715 762 1011 817 testatam
1053 753 1236 830 facit,
1279 759 1355 814 ut
1396 753 1647 814 ostendi
1688 752 1758 812 in
1802 751 1993 813 Com-

87 863 286 917 ment.
331 856 412 916 de
456 854 526 916 C.
565 854 791 918 Helvio
838 854 1038 916 Cinna
1079 853 1276 916 Poeta
1321 852 1470 935 Cap.
1495 852 1580 912 H.
1622 858 1674 925 §.
1707 854 1766 913 l.
1851 850 1997 913 Jam

89 976 244 1017 vero
287 951 575 1038 ejusdem
600 952 837 1015 Cinnae
879 960 1108 1036 poetae
1143 953 1613 1015 contubernalis
1644 953 1998 1035 appellatur

89 1053 169 1115 L.
212 1053 443 1115 Varius
499 1055 579 1115 ab
622 1051 898 1139 Apuleio
944 1056 1006 1114 d.
1052 1052 1351 1136 Orthogr.
1396 1061 1446 1126 ᾗ.
1475 1053 1582 1114 43.
1681 1053 1996 1128 „Basta-5,

84 1153 405 1233 iambicus
459 1165 690 1237 poeta,
756 1153 983 1215 Ovidii
1035 1151 1548 1227 contubernalis,
1617 1149 1871 1233 duplici
1920 1156 2000 1212 tt.

92 1252 399 1315 scribitur
413 1297 437 1329 ,
510 1254 589 1313 de
645 1274 769 1336 quo
832 1254 905 1316 V
895 1251 1084 1312 arius
1139 1261 1201 1312 et
1249 1249 1461 1313 Cinna
1515 1240 2002 1311 contubernales

93 1351 169 1412 in
196 1351 336 1412 suis
360 1351 681 1435 poematis
706 1350 1123 1411 meminere.“
1137 1349 1210 1428 ¹⁵)
1289 1348 1541 1409 Ibidem
1576 1358 1626 1423 §.
1659 1346 1764 1410 58.
1807 1350 1941 1426 „V
1930 1373 2005 1410 a·

94 1451 240 1512 rius
288 1452 534 1514 Cinnae
576 1448 1052 1510 contubernalis
1092 1447 1168 1508 in
1208 1447 1424 1530 primo
1456 1454 1835 1531 poemate.“
1927 1449 2007 1509 In

97 1559 372 1632 utroque
412 1546 666 1632 Apuleji
720 1550 862 1610 loco
918 1548 1214 1609 relicttmi
1270 1549 1350 1608 ab
1394 1548 1558 1632 Ang.
1600 1545 1772 1631 Majo
1828 1568 2009 1609 men-

100 1651 253 1710 dum
293 1649 422 1724 „V
414 1654 625 1708 arus“
666 1645 806 1733 jure
851 1648 1106 1708 sustulit
1151 1645 1468 1708 Osannus.
1569 1649 1708 1710 Hoc
1752 1645 2010 1733 Apuleji

97 1748 534 1810 testimonium
578 1749 658 1809 de
700 1747 879 1809 Varii
921 1753 986 1809 et
1024 1746 1264 1808 Cinnae
1308 1749 1726 1810 contubernio
1742 1792 1764 1826 ,
1793 1768 2012 1829 quan-

100 1849 493 1928 tulicumque
535 1847 726 1928 pretii
768 1848 906 1908 aliis
936 1846 1206 1909 fortasse
1235 1847 1547 1927 videatur,
1592 1849 1892 1929 equidem
1925 1849 2010 1910 ob

101 1949 316 2009 locum
356 1946 604 2030 Virgilii
628 1946 843 2031 Eclog.
877 1947 992 2008 IX.
1034 1969 1098 2010 v.
1128 1947 1232 2008 35.
1276 1949 1541 2010 mininie
1594 1946 2014 2031 rejiciendum

104 2048 399 2109 arbitror.
484 2044 792 2130 Apuleius
822 2048 996 2108 enim
1036 2048 1209 2108 haud
1253 2048 1444 2109 dubie
1473 2055 1762 2111 auctores
1797 2049 1916 2109 hac
1942 2048 2013 2108 in

103 2167 179 2208 re
222 2153 474 2207 secutus
519 2153 618 2208 est
661 2147 956 2229 antiquos
1015 2153 1081 2208 et
1137 2147 1262 2208 fide
1322 2148 1740 2232 dignissimos
1855 2147 2014 2208 Inde

108 2253 324 2309 autem
364 2247 597 2328 liquet,
643 2267 838 2329 quam
880 2268 1275 2330 consequens
1319 2248 1403 2308 sit
1428 2268 1500 2310 ac
1530 2254 2016 2310 consentaneum

113 2451 307 2499 illorum
350 2457 602 2512 praecepto
647 2451 836 2498 nomina
887 2448 1048 2518 ch‘us
1095 2456 1143 2498 et
1192 2449 1391 2499 Gnaeus
1438 2451 1579 2500 scribi
1627 2452 2016 2514 pronuntiarique

115 2522 315 2581 debent,
352 2523 396 2570 si
431 2531 661 2583 ponantur
693 2523 906 2586 integ-ra3
947 2524 1023 2571 sin
1058 2522 1197 2586 siglis
1235 2532 1284 2571 et
1317 2523 1472 2586 notis,
1507 2540 1602 2572 non
1636 2525 1729 2572 nisi
1765 2524 1938 2573 litteris
1959 2523 2017 2572 G.

117 2604 164 2643 et
203 2593 294 2642 Gn.
331 2593 567 2642 exaranda
601 2603 740 2657 sunt,
776 2603 829 2642 ut
854 2593 1116 2643 docuertmt
1144 2594 1361 2655 pluribus
1387 2596 1529 2643 etiam
1543 2593 1769 2659 Sigonius
1793 2597 1843 2644 in
1867 2593 2020 2644 Grae-

118 2667 183 2714 vii
212 2663 450 2714 Thesaur.
478 2662 597 2713 Vol.
621 2662 684 2712 ΙΙ.
717 2683 767 2727 p.
797 2670 953 2716 1959.
992 2674 1041 2713 et
1079 2670 1236 2716 2025.
1275 2675 1323 2714 et
1358 2664 1636 2715 Perizonius
1671 2670 1722 2715 iu
1757 2665 2017 2716 Animadv.

119 2735 303 2787 Hister.
348 2734 465 2798 Cap.
489 2734 610 2785 Vll.
651 2755 698 2799 p.
732 2743 835 2787 297
864 2754 936 2799 sq.
977 2738 1039 2786 cf.
1069 2735 1241 2787 Odosr.
1280 2735 1524 2787 Miillerus
1556 2740 1606 2787 in
1640 2737 1879 2802 Bottigeri
1908 2738 2021 2787 Ar-

121 2806 396 2871 chaeologie
429 2807 537 2856 wnd
568 2807 751 2858 Kunst.
786 2807 904 2858 Vol.
935 2807 976 2857 Ι.
1008 2816 1055 2859 1.
1095 2827 1144 2872 p.
1177 2815 1263 2860 82.
1338 2808 1411 2859 At
1460 2811 1583 2859 illud
1635 2813 1813 2873 passim
1858 2811 2022 2874 negle-

123 2890 248 2930 ctum
285 2898 391 2930 esse
422 2882 479 2928 ab
516 2881 773 2930 artificibus
811 2891 858 2930 et
893 2882 1089 2943 scribis,
1151 2880 1392 2930 adnotavit
1426 2885 1523 2944 jam
1560 2879 1882 2932 Schneiderus
1917 2884 2023 2931 lau-

124 2951 244 3000 dans
291 2970 353 3001 ex
402 2950 766 3002 Nahmmacheri
819 2951 1084 3001 Comment.
1138 2952 1199 3002 de
1246 2952 1368 3003 Litt.
1416 2952 1558 3004 Rom.
1612 2953 1740 3005 Sect.
1774 2952 1843 3004 II.
1896 2972 1937 3004 c.
1969 2956 2020 3003 5.

126 3043 174 3087 p.
208 3029 591 3088 180.-numum‚
655 3027 704 3073 in
752 3043 846 3087 quo
899 3025 1133 3086 reperitur
1185 3025 1247 3075 G.
1293 3025 1480 3075 Caesar
1527 3026 1864 3077 Germanicum.
1939 3022 2024 3074 Sic

126 3093 251 3144 Just.
280 3094 571 3145 Fontauinus
596 3094 783 3145 Ilistor.
812 3095 985 3145 Litter.
1014 3093 1322 3160 Aquileiens.
1344 3096 1483 3148 Libr.
1505 3097 1545 3148 l.
1573 3117 1614 3148 c.
1641 3106 1687 3149 1.
1717 3101 1763 3158 §.
1786 3104 1837 3148 7.
1865 3116 1914 3160 p.
1935 3103 2021 3147 10.

129 3182 414 3229 praenomen
464 3167 678 3216 Cornelii
727 3168 865 3217 Galla·
914 3165 1086 3217 Poetae
1133 3170 1185 3217 in
1239 3166 1358 3219 God.
1409 3167 1696 3235 Hieronymi
1749 3168 2027 3218 Lodovensi

132 3239 368 3299 signatum
413 3240 596 3288 invenit
644 3241 852 3302 simplici
888 3240 1047 3288 littera
1093 3239 1154 3291 G.
1194 3258 1283 3303 pro
1332 3241 1387 3291 G.
1427 3250 1482 3291 ut
1518 3239 1586 3291 A.
1617 3241 1781 3304 Majus
1817 3242 1868 3289 in
1901 3237 2024 3290 Cod.

131 3308 296 3360 Vatic.
335 3306 578 3359 Ciceronis
628 3310 688 3360 de
740 3310 947 3372 Republ.
978 3310 1019 3360 l.
1053 3317 1100 3361 1.
1140 3314 1346 3362 enotavit
1394 3312 1456 3363 G.
1486 3311 1708 3362 Duilius.
1796 3309 2030 3362 Variatur

133 3382 273 3430 etiam
322 3382 370 3428 iu
416 3383 604 3430 nomine
654 3382 741 3432 leti
799 3384 936 3431 illius
988 3382 1146 3450 chjus
1191 3394 1240 3434 et
1293 3384 1476 3452 ch’us5
1539 3384 1636 3434 vid.
1675 3382 1933 3433 Zimmern
1979 3385 2030 3431 in

139 3450 308 3501 Gesch.
360 3451 410 3502 d.
462 3451 632 3502 Roem.
685 3451 1014 3504 Privmrechts
1060 3456 1273 3506 Tom.1.
1307 3467 1352 3506 1.
1399 3458 1441 3520 §.
1468 3462 1552 3507 93.
1593 3474 1641 3518 p.
1670 3459 1791 3506 341.
1880 3454 2031 3517 Apud

136 3521 376 3572 Caudium
427 3534 479 3572 nt
521 3543 798 3587 reponerem
851 3526 1036 3593 Gajus,
1102 3545 1180 3577 me
1228 3529 1419 3592 impulit
1480 3530 1623 3578 etiam
1669 3524 1824 3578 codd.
1886 3526 2030 3577 lectio

134 3599 331 3659 gravis,
370 3614 490 3659 quae
525 3597 658 3645 illam
694 3599 973 3659 scripturam
1012 3599 1164 3651 fulcit.

286 3673 373 3729 15)
412 3666 612 3720 Videsis
650 3667 855 3721 Excurs.
883 3666 952 3721 ll.

1569 3757 1611 3817 2
1636 3797 1670 3834 a*
