2236 3932
209 127 292 190 54
799 148 881 189 DE
928 148 987 187 ι.
1020 148 1226 189 VAluo
1272 149 1511 188 POETA.

210 283 430 358 cisset,
498 287 570 343 ut
623 287 798 344 recte
856 287 1072 344 censet
1107 281 1683 365 .Vanderb031rgius
1740 283 1820 344 ad
1859 283 2103 344 Horatii

209 380 348 441 Vol.
373 379 426 440 I.
468 394 532 461 Ρ.
562 380 710 440 329.
812 380 955 461 Quo
1013 386 1301 458 tempore
1353 379 1645 470 Horatius
1701 381 1875 440 illam
1934 379 2103 440 Sati-

208 497 348 537 ram
405 479 740 555 exarabat,
798 478 1099 559 Virgilius
1159 476 1429 564 desierat
1483 477 1746 562 Eclogas
1806 478 2102 554 scribere,

211 597 370 656 quas
425 596 483 636 a.
526 577 600 637 U.
646 575 714 636 G.
755 575 902 636 7l7.
959 595 1086 634 uno
1140 571 1383 655 jtmctas
1440 577 1759 638 volumine
1803 576 2104 652 ediderat,

211 681 277 736 et
318 672 447 757 jam
489 675 766 734 intentus
811 678 948 733 erat
993 671 1348 754 Georgicis,
1394 695 1555 753 quae
1598 675 1942 736 absolvisse
1983 696 2107 755 pu-

210 779 379 834 tatur
422 794 478 834 a.
509 773 583 832 U.
614 771 681 831 C.
712 774 753 831 7
756 773 835 831 24
852 770 950 850 4⁵).
1035 771 1246 852 Atque
1287 772 1410 832 hoc
1450 774 1895 854 perpulchrum
1927 793 2106 853 oPuS,

210 874 383 954 quod
424 870 669 931 Maroni
709 871 1055 952 gaudentes
1090 887 1240 930 rure
1270 870 1618 933 Camoenae
1646 870 1787 954 jure
1816 872 2109 933 adnuisse

212 972 506 1032 dicuntur
520 1014 540 1046 ,
614 969 770 1050 quin
826 969 930 1030 hic
987 970 1066 1031 ab
1123 970 1386 1030 Horatio
1443 970 1830 1054 intelligatur
1844 1015 1864 1048 ,
1921 992 2109 1033 nemo

213 1069 543 1131 dubitabit.
646 1068 731 1128 At
791 1067 1010 1129 Varius
1055 1068 1285 1129 eodem
1332 1068 1443 1129 illo
1485 1075 1772 1150 tempore
1818 1077 1893 1131 ut
1932 1072 2112 1152 prin-

212 1189 358 1250 ceps
400 1173 732 1249 poetarum
789 1166 1119 1249 epicorum
1178 1168 1560 1228 celebratur:
1621 1189 1771 1228 nam
1810 1179 1887 1229 ut
1926 1190 2112 1232 nemo

211 1268 602 1349 aequalium,
658 1267 866 1348 inquit
905 1267 1203 1328 Horatius
1218 1310 1238 1343 ,
1313 1288 1462 1327 acer
1505 1267 1684 1328 ducit
1706 1269 1898 1349 forte
1938 1291 2111 1351 epm.

213 1364 619 1428 Ostendimus
662 1372 873 1427 autem
914 1386 1103 1449 supra
1145 1374 1195 1440 §.
1235 1367 1332 1444 6.,
1385 1364 1515 1450 jam
1557 1388 1721 1428 anno
1759 1367 1835 1428 U.
1867 1366 1936 1431 G.
1966 1370 2112 1431 714.

356 1580 452 1643 45)
503 1578 793 1630 conferatur
837 1578 1098 1631 Massonus
1140 1582 1190 1629 in
1237 1578 1361 1630 Jano
1409 1578 1626 1629 Reserat.
1669 1574 1800 1631 Seet.
1835 1578 1930 1631 ΠΙ.
1980 1600 2022 1633 c.
2062 1589 2112 1635 1.

212 1669 262 1714 p.
288 1656 374 1702 67.
412 1661 461 1700 et
496 1649 624 1701 Sect.
657 1651 750 1702 ΙΙΙ.
791 1669 833 1701 c.
868 1651 919 1702 5.
958 1672 1007 1715 p.
1043 1659 1163 1703 121.
1206 1661 1281 1714 et,
1332 1653 1412 1713 qni
1449 1662 1595 1700 totam
1630 1651 1750 1701 hanc
1787 1655 2114 1715 quaestionem

211 1725 429 1784 inprimis
477 1732 695 1772 accurate
740 1731 789 1773 et
832 1725 1082 1786 perspicue
1133 1724 1376 1785 tractavit,
1425 1721 1625 1772 Jahnius
1673 1726 1721 1771 in
1769 1722 2028 1782 Intro-duct.
2065 1728 2115 1773 in

212 1792 394 1857 Virgil.
429 1812 475 1856 p.
501 1792 635 1843 XX.
662 1811 769 1856 sqq.
843 1792 981 1843 Hanc
1012 1795 1072 1843 de
1098 1794 1236 1843 editis
1256 1792 1504 1857 Georgicis
1540 1797 1819 1857 sententiam
1853 1798 2116 1845 rationibus

214 1883 309 1914 non
344 1874 417 1914 sat
449 1865 635 1914 idoneis
668 1868 952 1928 impugnans
985 1864 1035 1916 J.
1067 1864 1137 1915 H.
1163 1864 1374 1915 Vossius
1411 1866 1471 1914 ad
1505 1864 1691 1928 Virgil.
1731 1865 1910 1930 Georg.
1948 1886 1996 1929 p.
2028 1872 2115 1919 48.

215 1946 264 1985 et
315 1939 436 1988 528.
485 1953 590 2000 sqq.
644 1939 693 1985 in
743 1955 798 1986 ea
851 1946 924 1986 est
971 1939 1229 2000 sententia,
1296 1946 1350 1984 nt
1396 1945 1503 1985 ante
1556 1954 1730 1985 annum
1779 1935 1841 1987 U.
1886 1936 1941 1988 C.
1988 1943 2111 1990 734.

215 2009 338 2056 illud
389 2025 508 2071 opus
560 2009 827 2057 absolutum
877 2011 1234 2071 expolitumque
1288 2026 1395 2057 esse
1442 2018 1599 2072 neget.
1693 2006 1821 2057 Mihi
1858 2011 2118 2060 verisimile

214 2080 431 2144 videtur,
501 2079 770 2143 Virgilium
828 2081 888 2128 de
950 2081 1194 2129 scribenda
1245 2079 1470 2129 Aeneide
1527 2098 1622 2128 non
1679 2083 1812 2142 prius
1865 2084 2117 2146 cogitasse,

218 2169 361 2213 quam
411 2150 647 2214 Georgica
702 2153 1010 2201 absolvisset:
1078 2152 1198 2200 illud
1252 2161 1409 2201 autem
1464 2152 1714 2200 consilinm
1766 2161 1814 2200 et
1849 2162 2033 2214 captum
2071 2162 2119 2202 et

216 2223 460 2286 vulgatum
507 2223 658 2288 fuisse
706 2225 880 2272 scimus
917 2241 959 2274 a.
991 2221 1053 2273 U.
1087 2221 1143 2272 C.
1180 2229 1300 2274 728.
1342 2241 1427 2271 seu
1466 2228 1619 2282 729„
1679 2241 1773 2286 quo
1822 2241 1942 2275 auno
1990 2225 2119 2275 Pro-

217 2296 399 2357 pertius
431 2293 574 2345 Libr.
610 2293 675 2343 11.
728 2293 868 2358 Eleg.
903 2300 986 2345 25.
1025 2291 1072 2344 ἢ.
1103 2301 1188 2344 61.
1228 2297 1448 2356 scripsit:

515 2366 678 2415 Actia
719 2363 992 2428 Virgilium
1027 2364 1238 2416 custodis
1271 2366 1442 2415 littora
1475 2362 1675 2428 Phoebi,

664 2437 892 2487 Caesaris
926 2449 971 2487 et
989 2439 1165 2506 sortes
1197 2437 1359 2487 dicere
1387 2456 1533 2501 posse
1567 2449 1718 2487 rates.

523 2507 626 2577 Qui
656 2527 788 2559 mmo
822 2509 1030 2559 Aeneae
1069 2510 1286 2578 Trojani
1317 2512 1520 2559 suscitat
1549 2527 1708 2573 arma,

661 2580 906 2646 Jactaque
942 2580 1149 2630 Lavinis
1185 2584 1374 2630 moenia
1408 2579 1667 2630 littoribus.

523 2650 691 2700 Gedite
725 2652 942 2709 Romani
970 2656 1259 2715 scriptores,
1297 2652 1451 2703 cedite
1491 2651 1673 2718 Grajt‘t

665 2724 843 2774 Nescio
878 2723 1001 2790 quid
1031 2725 1192 2792 majus
1225 2728 1446 2774 nascitur
1479 2723 1668 2774 Iliade.

221 2788 353 2839 Vide
366 2789 612 2856 Heynium
639 2796 688 2842 in
707 2793 888 2858 Vin-gil.
909 2795 1018 2846 Vit.
1052 2815 1136 2858 per
1165 2813 1210 2844 a.
1238 2797 1337 2858 dig.
1362 2795 1421 2844 ad
1456 2814 1500 2845 a.
1520 2794 1582 2844 U.
1601 2793 1656 2844 G.
1678 2794 1799 2845 735.
1829 2812 1878 2856 p.
1897 2790 2120 2845 CXXV.

222 2861 362 2929 Quae
409 2862 626 2914 Donatus
678 2869 726 2914 in
775 2866 890 2917 Vit..
936 2865 1116 2931 Virgil.
1173 2886 1218 2917 c.
1261 2866 1412 2917 XIII.
1463 2867 1509 2930 §.
1550 2872 1634 2916 50.
1679 2866 1739 2914 de
1777 2862 2123 2928 Georgicorum

224 2933 549 3001 emendatione
575 2947 844 3001 memorat,
898 2956 954 2988 ea
991 2941 1264 3000 neutiquam
1308 2957 1335 2987 a
1369 2956 1483 2987 vero
1519 2938 1799 2999 abhorrent,
1850 2939 2015 2999 eisque
2050 2937 2124 2985 fa-

223 3007 314 3054 cile
362 3007 468 3054 tolli
519 3025 662 3069 posse
709 3010 929 3058 videntur
979 3010 1310 3072 difficultates,
1375 3027 1492 3071 quas
1528 3007 1574 3058 J.
1612 3007 1678 3056 H.
1720 3006 1928 3056 Vossius
1965 3013 2124 3057 movet

224 3094 287 3125 ex
321 3079 563 3127 nonnullis
601 3078 740 3128 Libri
771 3080 864 3131 ΠΙ.
905 3089 952 3129 et
987 3080 1081 3130 IV.
1122 3084 1334 3144 partibus
1365 3083 1602 3143 repetitas.
1676 3077 1805 3127 Illud
1836 3088 1993 3128 autem
2021 3097 2123 3128 cer-

223 3157 323 3196 tum
359 3157 432 3197 est
469 3159 609 3212 atque
643 3153 835 3201 evidens
847 3191 862 3214 ,
901 3151 1103 3202 Horatio
1142 3152 1348 3202 Satiram
1386 3152 1522 3201 Libri
1553 3152 1594 3201 I.
1632 3150 1867 3200 decimam
1902 3152 2124 3200 scribenti

224 3218 455 3269 nihildum
493 3222 552 3270 de
586 3219 807 3272 Aeneide
845 3226 982 3271 amici
1018 3227 1092 3273 sui
1129 3226 1404 3273 innotuisse.
1493 3221 1668 3272 Contra
1706 3220 1910 3270 Ovidius
1948 3221 2122 3271 Amor.

224 3289 362 3339 Libr.
396 3292 437 3341 I.
491 3292 631 3356 Eleg.
665 3299 780 3356 15.,
833 3295 958 3357 quod
1007 3313 1125 3356 opus
1176 3297 1234 3343 ab
1281 3297 1369 3344 illo
1417 3295 1528 3343 inde
1578 3313 1698 3342 anno
1737 3291 1797 3342 U.
1833 3291 1889 3342 G.
1920 3299 2022 3344 732
2052 3322 2126 3331 —

219 3365 349 3413 746.
406 3368 718 3426 compositum
777 3384 884 3415 esse
939 3366 1076 3415 docet
1121 3365 1322 3416 Jahnius
1369 3370 1418 3415 in
1466 3365 1725 3416 Introduct.
1776 3383 1826 3426 p.
1866 3368 1987 3414 225.
2031 3381 2124 3427 βψ,

228 3429 492 3496 Virgilium
531 3437 590 3483 ob
626 3438 825 3500 triplicis
859 3439 1048 3500 generis
1085 3441 1286 3486 carmina
1321 3443 1504 3499 poterat
1537 3438 1734 3487 laudare
1769 3454 1816 3487 v.
1848 3442 1933 3488 25.

430 3505 642 3569 Tityrus
678 3521 724 3557 et
744 3510 937 3577 fruges
969 3508 1264 3575 Aeneiaque
1296 3527 1440 3558 amna
1472 3510 1713 3574 legentur,

418 3591 425 3596 “
500 3603 501 3606 ¹
563 3577 726 3630 Roma
757 3578 1045 3645 triumphati
1077 3578 1194 3629 dum
1229 3593 1378 3643 caput
1412 3579 1544 3630 orb2‘s
1576 3583 1688 3630 erit.
