2236 3932
231 140 316 202 80
825 161 907 200 DE
952 161 1010 200 L.
1037 160 1245 201 VAuio
1291 160 1530 199 roffi-A.

229 294 547 357 interfecti
590 296 890 357 scrinium
943 315 1088 355 cum
1142 292 1320 352 libris
1365 293 1675 369 ablatum,
1735 300 1797 354 et
1840 290 2123 377 ejusdem

233 396 584 474 Thyestem
624 394 1013 478 tragoediam
1054 412 1169 452 suo
1212 391 1469 452 nomine
1513 393 1747 452 editam
1788 391 1977 452 fuisse
1994 436 2014 469 ,
2056 393 2126 452 id

229 515 384 558 vero
427 517 559 555 non
600 500 728 554 tam
769 492 1045 574 plagium
1063 533 1082 566 ,
1156 509 1348 568 quam
1389 491 1788 568 latrocinium
1832 491 2037 550 docto-
2060 496 2126 550 et

229 594 556 676 ingenioso
611 591 859 674 Virgilii
912 587 1281 668 Horatiique
1357 590 1558 651 amico
1624 589 2128 672 indignissimum

230 694 528 755 arbitror.

403 787 809 868 Quantumvis
850 786 1035 868 igitur
1075 786 1217 850 le've
1248 787 1325 849 sit
1353 793 1537 869 atque
1570 789 1881 850 incertum
1894 831 1915 865 ,
1959 787 2129 868 quod

230 889 613 952 Ruhnkenio
658 886 1022 966 scrupulum
1062 883 1278 968 injecit
1334 907 1408 947 ac
1451 888 1901 948 dubitationem
1915 931 1935 964 ,
1996 906 2127 967 quo

229 991 439 1052 minus
498 985 780 1046 Cassium
838 985 1248 1046 Parmensem
1305 992 1559 1066 poetam
1613 1007 1651 1048 a
1704 985 1896 1047 Vario
1938 990 2127 1067 poeta

229 1093 522 1149 necatum
579 1104 715 1145 0550
774 1085 1087 1158 01·οᾶ01·01;
1156 1089 1371 1145 tamen
1428 1084 1638 1146 eidem
1692 1085 1850 1146 Viro
1919 1085 2126 1145 Docto

227 1205 483 1269 prorsus
554 1184 862 1245 assentior
920 1183 1289 1263 suspicanti,
1364 1188 1562 1244 totam
1629 1184 1793 1244 hanc
1849 1182 2128 1244 fabulam

224 1306 312 1347 -ex
366 1289 672 1366 perpetua
743 1282 1110 1344 confusione
1179 1282 1515 1343 nominum
1585 1281 1785 1346 Varii
1834 1289 1900 1342 et
1961 1282 2031 1345 V
2023 1278 2135 1341 ari

229 1384 508 1446 fluxisse.
609 1382 786 1443 Hanc
837 1382 1017 1442 enim
1073 1382 1496 1463 suspicionem
1567 1387 1716 1442 sunt
1779 1381 1898 1442 alia
1969 1399 2130 1460 quae

228 1483 477 1567 egregie
534 1481 936 1558 confirment,
1007 1485 1071 1541 et
1145 1501 1309 1562 quae
1378 1500 1765 1563 magnopere
1806 1469 2034 1541 'miror
2093 1498 2132 1538 a

228 1581 611 1643 Ruhnkenio
655 1582 841 1662 plane
884 1599 1023 1640 esse
1063 1580 1362 1662 neglecta.
1448 1580 1812 1661 Repetenda
1867 1599 1942 1640 00
1985 1583 2131 1639 sunt

229 1702 318 1743 ex
359 1681 510 1762 ipsis
554 1679 1047 1741 Scholiastarum
1095 1680 1618 1740 adnotationibus.
1651 1718 1653 1720 -
1708 1679 1792 1739 Hi
1819 1678 2006 1757 *enim
2048 1677 2131 1736 ad

227 1801 428 1842 unum
488 1798 709 1840 omnes
767 1783 1219 1854 contestantur,
1290 1779 1480 1846 istum
1505 1777 1717 1838 Cassii
1771 1775 2130 1837 Parmensis

226 1878 696 1942 interfectorem
757 1875 987 1955 Quinti
1034 1878 1447 1957 praenomine
1504 1877 1872 1958 insignitum
1912 1875 2130 1935 fuisse.

228 1978 422 2060 Atqui
463 1986 514 2052 §.
546 1979 608 2039 2.
642 1975 1026 2037 ostendimus
1039 2021 1058 2053 ,
1104 1975 1369 2036 Varium
1382 2020 1401 2052 ,
1446 1976 1908 2036 nobilissimum
1949 1975 2132 2033 illum

229 2079 547 2158 Thyestae
616 2075 1020 2156 scriptorem,
1092 2074 1289 2135 Lucii
1350 2095 1742 2156 praenomen
1813 2073 2128 2134 habuisse.

227 2179 407 2240 Unde
467 2175 902 2254 consequitur,
958 2174 1170 2250 illum,
1249 2195 1440 2254 quem
1500 2177 1811 2256 Augustus
1867 2172 2128 2247 miserit,

229 2282 304 2338 ut
347 2275 630 2336 Cassium
656 2274 1067 2334 Parmensem
1093 2258 1361 2333 Athenis
1403 2274 1745 2334 trucidaret
1759 2317 1780 2349 ,
1823 2273 1930 2335 vel
1965 2271 2132 2332 hanc

232 2377 318 2439 ob
375 2394 658 2437 caussam
711 2395 842 2434 non
885 2393 1072 2453 posse
1127 2373 1324 2454 accipi
1368 2374 1447 2434 de
1491 2373 1676 2434 Vario
1719 2378 1909 2453 poeta
1950 2371 2130 2452 epico

232 2481 300 2537 et
355 2474 615 2557 tragico.
727 2473 939 2554 Atque
994 2474 1061 2533 id
1118 2493 1342 2535 verum
1386 2478 1585 2550 esset,
1643 2472 1883 2533 etiamsi
1926 2471 2133 2533 Scho-

168 2623 171 2626 .
231 2574 450 2636 1105100
495 2574 566 2633 10
606 2572 879 2634 nominis
922 2573 1228 2654 scriptura
1272 2572 1724 2648 consentirent,
1784 2567 2130 2651 omnesque

232 2674 425 2735 istum
453 2671 647 2733 Cassii
687 2691 1127 2752 percussorem
1175 2671 1457 2735 Varium
1497 2672 1901 2752 appellarent.
1971 2670 2028 2730 N
2029 2690 2133 2729 am

235 2793 325 2835 ex
380 2771 578 2833 Variis
592 2813 612 2847 ,
684 2770 794 2852 qui
852 2772 1110 2851 quidem
1156 2791 1192 2832 0
1229 2783 1452 2832 'rerum
1493 2772 1915 2831 Romanarum
1977 2768 2132 2829 scri·-

224 2872 520 2955 -ptoribus
590 2877 1162 2932 commemorantur
1173 2915 1193 2948 ,
1275 2871 1520 2932 duobus
1587 2875 1832 2930 tantum
1911 2865 2140 2947 Quinti

235 2990 624 3055 praenomen
664 2968 814 3046 fuit,
870 2976 944 3030 ut
990 2972 1314 3031 docuimus
1357 2978 1408 3043 §.
1451 2971 1548 3044 3.;
1608 2970 1720 3029 sed
1765 2967 2133 3027 alterutrum

239 3092 370 3153 quo
411 3070 618 3130 minus
642 3068 765 3129 huc
787 3068 1130 3130 referamus
1142 3115 1162 3147 ,
1207 3075 1471 3130 aetatem
1485 3112 1504 3145 ,
1550 3088 1674 3148 qua
1702 3067 1797 3126 illi
1832 3065 2130 3141 vixerint,

239 3172 493 3233 obstare
534 3169 753 3249 liquet.
837 3168 1256 3230 Ruhnkenius
1268 3213 1288 3246 ,
1346 3168 1464 3230 hac
1519 3188 1592 3228 re
1632 3188 1765 3228 non
1806 3166 1954 3226 satis
1996 3165 2132 3224 ani-

238 3291 419 3331 mum
487 3269 783 3344 adversa,
866 3273 1046 3350 urget
1112 3274 1359 3328 tantum
1428 3269 1733 3328 incertam
1798 3264 2132 3326 nominum

246 3368 421 3433 Vari
457 3375 523 3429 et
570 3365 766 3431 Varii
801 3367 1175 3446 scripturam
1190 3410 1209 3442 ,
1255 3373 1316 3427 et
1357 3366 1704 3448 posteriore
1744 3364 1864 3425 hac
1904 3362 2132 3423 merito

242 3469 413 3548 apud
470 3466 848 3547 Scholiastas
902 3462 1133 3546 rejecta
1145 3508 1165 3541 ,
1235 3466 1523 3548 intelligit
1589 3466 1873 3539 Varum,
1942 3461 2131 3520 istum

244 3567 568 3650 copiarum
595 3568 843 3645 ducem,
887 3564 991 3627 cui
1021 3563 1310 3648 Virgilius
1337 3565 1634 3648 Eclogam
1648 3562 1759 3623 VI.
1799 3559 2130 3640 inscripsit.
