2236 3932
658 179 736 217 DE
783 175 1009 217 cAssm
1058 174 1287 214 PARME
1299 173 1424 212 usi.
1882 151 2005 213 245

108 312 140 370 ὁ
184 314 522 385 Κικέρωνος,
575 307 670 364 καὶ
715 307 842 363 ὅσοι
882 307 1044 363 ἄλλοι
1093 310 1202 360 τῶν
1247 305 1535 378 ἐπιφανῶν
1585 302 1645 358 ἐκ
1673 307 1773 376 τῆς
1812 305 2006 360 Θάσου

108 394 567 470 διεπεφεύγεσαν·
604 393 695 449 καὶ
730 394 864 469 ταχὺ
895 394 1119 466 πλῆθος
1146 385 1244 465 ἦν,
1293 389 1388 444 καὶ
1425 385 1673 454 σύνταξις
1709 385 2007 460 ἀξιόχρεως

107 479 386 557 ἡγεμόνων
435 501 494 535 τε
542 479 634 533 καὶ
684 481 922 549 στρατοῦ
970 478 1063 531 καὶ
1112 479 1263 532 νεῶν.
1348 473 1768 545 Προσλαβόντες
1817 474 1878 528 δὲ
1914 472 2009 527 καὶ

106 568 367 623 Λέπιδον
397 559 527 634 μεθ’
562 560 751 634 ἑτέρας
787 559 1103 630 δυνάμεως,
1161 555 1197 630 ἢ
1232 556 1462 634 Βρούτῳ
1500 556 1812 613 καθίστατο
1854 556 2008 631 Κρή-

106 673 234 723 την,
269 648 414 724 πρὸς
449 651 717 722 ,Μοῦρκον
756 646 848 700 καὶ
884 644 1154 715 Δομίτιον
1183 642 1572 718 Ἀηνόβαρβον,
1637 642 1734 699 ἐπὶ
1767 640 2010 715 μεγάλης

108 735 389 804 δυνάμεως
427 727 619 800 ὄντας,
674 731 732 796 ἐς
773 731 869 786 τὸν
908 727 1098 786 Ἰόνιον
1139 731 1413 786 διέπλεον.
1487 723 1792 784 καὶάὗτῶν
1823 724 1874 782 οἳ
1909 727 2010 796 μὲν

106 819 224 888 ἅμα
259 821 338 890 τῷ
367 817 616 890 Μούρκῳ
644 816 971 871 διέπλευσαν
1006 814 1062 879 ἐς
1090 813 1369 876 Σικελίαν,
1410 813 1502 869 καὶ
1541 811 1640 886 τὴν
1671 809 1823 880 ἰσχὺν
1845 814 2008 881 Πομ-

103 902 255 975 πηΐῳ
292 901 507 972 Σέξστῳ
554 904 836 974 συνῆψαν·
887 897 940 955 οἱ
984 900 1046 954 δὲ
1090 899 1412 967 κατέμειναν
1447 898 1602 972 παρὰ
1637 893 2005 971 Ἀηνοβάρβῳ,

96 987 199 1050 νκαὶ
257 984 356 1059 τὴν
404 986 616 1059 αἵρεσιν
662 981 760 1058 ἐφ’
821 981 1030 1039 ἑαυτῶν
1080 982 1440 1037 καθίσταντο.
1547 982 1750 1037 Τοιάδε
1797 980 1897 1051 μὲν
1949 982 2011 1037 ἐκ

103 1075 212 1127 τῶν
235 1069 517 1139 λειψάνων
543 1076 639 1143 τῆς
670 1073 1021 1143 παρασκευῆς
1045 1065 1301 1123 Κασσίου
1325 1088 1384 1122 τε
1413 1067 1507 1123 καὶ
1534 1066 1784 1142 Βρούτου
1810 1070 2009 1141 πρῶτα

105 1154 396 1212 συνίστατο
410 1159 495 1217 ³¹).

231 1244 478 1305 Cassius
528 1241 883 1303 Parmensis
924 1241 1117 1324 igitur
1171 1239 1396 1321 procul
1442 1239 1670 1317 dubio,
1728 1261 1872 1302 eum
1915 1240 2005 1301 M.

103 1344 413 1404 Antonius
459 1341 603 1402 Cos·
646 1341 888 1401 Romae
932 1339 1146 1400 omnia
1188 1338 1455 1398 miscere
1500 1338 1846 1419 coepisset,
1900 1361 2007 1403 re·

104 1444 248 1503 licta
292 1462 441 1507 cum
486 1439 556 1502 C.
594 1439 808 1501 Cassio
854 1446 923 1502 et
958 1438 1044 1498 M.
1078 1438 1280 1496 Bruto
1322 1436 1502 1496 Italia
1544 1437 1615 1497 in
1641 1438 1861 1498 Asiam
1902 1438 2006 1500 fu-

101 1548 279 1625 gerat
317 1541 579 1601 ineunte
636 1559 856 1600 meuse
892 1535 1251 1619 Septembri
1294 1536 1443 1595 anni
1484 1535 1558 1596 U.
1592 1535 1663 1597 C.
1694 1540 1841 1600 710.
1884 1538 2008 1600 ibi-

244 1803 335 1856 31)
386 1796 601 1847 Prudens
648 1800 899 1860 sciensque
946 1796 1372 1845 transscribendum
1411 1798 1572 1846 curavi
1620 1799 1861 1861 integ-rum
1896 1795 2005 1862 Ap-

101 1872 232 1934 piani
278 1873 464 1934 locum,
521 1872 655 1932 utqui
705 1873 841 1919 testis
888 1870 951 1917 sit
1000 1869 1059 1916 de
1113 1865 1282 1917 Cassio
1337 1867 1584 1917 Parmensi
1628 1872 1828 1932 ejusque
1863 1872 2005 1920 rebus

98 1945 249 2007 gestis
297 1943 551 1991 admodum
590 1942 812 1990 disertus.
896 1938 1116 1988 Rhodios
1154 1937 1453 1989 Caesarianis
1488 1941 1701 1990 faventes
1736 1943 1825 1990 sub
1859 1942 2006 1991 finem

97 2017 211 2064 anni
249 2011 311 2063 U.
350 2011 408 2062 G.
447 2020 570 2063 711.
622 2013 804 2075 proelio
852 2012 1010 2062 navali
1063 2011 1300 2060 devicerat
1337 2009 1393 2060 C.
1436 2009 1631 2061 Cassius
1670 2022 1716 2062 et
1751 2023 1896 2063 totam
1932 2016 2007 2063 in·

99 2086 288 2148 aulam,
334 2103 436 2134 rem
475 2087 696 2133 immanis
731 2086 917 2146 operis,
967 2094 1020 2131 ut
1056 2085 1120 2130 ait
1157 2081 1384 2146 Vellejus
1419 2084 1526 2133 Pat.
1564 2083 1701 2134 Libr.
1730 2083 1798 2134 Π.
1836 2104 1880 2137 c.
1916 2091 2003 2137 69.

99 2161 149 2217 §.
199 2163 285 2218 6.,
347 2158 444 2205 acri
495 2167 637 2218 atque
688 2158 1009 2218 prosperrimo
1064 2155 1192 2203 bello
1246 2165 1465 2218 ceperat,
1529 2165 1651 2205 teste
1683 2155 1906 2219 Appiano
1943 2158 2004 2207 de

98 2228 164 2279 B.
202 2226 308 2277 civ.
347 2227 484 2277 Libr.
516 2225 615 2278 IV.
651 2246 692 2276 c.
723 2232 807 2277 05.
832 2244 938 2289 sqq.
1012 2225 1140 2275 Hinc
1177 2223 1448 2275 Parmensis
1486 2225 1711 2291 Cassius,
1763 2239 2004 2292 comperta

100 2298 159 2349 G.
190 2297 347 2349 Cassii
381 2299 506 2363 apud
542 2299 791 2360 Philippos
835 2307 1008 2358 morte,
1062 2299 1265 2348 classem
1301 2317 1435 2347 suam
1472 2297 1768 2349 Rhodiorum
1804 2302 2004 2351 navibus

100 2372 290 2434 triginta
338 2373 473 2420 auxit
515 2381 563 2419 et
617 2371 829 2432 reliquas
875 2370 1113 2431 incendit,
1180 2379 1235 2418 ut
1283 2371 1355 2418 illi
1405 2388 1484 2420 res
1530 2389 1678 2420 novas
1712 2373 1875 2422 moliri
1907 2390 2001 2421 nou

99 2451 312 2505 possent.
400 2442 507 2492 Jam
560 2440 764 2491 Clodius
815 2459 1005 2504 quoque
1038 2459 1063 2490 a
1102 2439 1175 2490 M.
1217 2439 1371 2490 Bruto
1410 2451 1515 2503 post
1552 2440 1611 2494 C.
1644 2441 1801 2493 Cassii
1837 2462 2002 2494 necem

99 2517 278 2563 missus
312 2513 529 2575 videtur,
567 2524 619 2562 ut
655 2523 736 2562 ant
772 2514 1043 2577 invigilaret
1078 2511 1279 2562 Rhodiis
1316 2531 1476 2563 rerum
1502 2533 1728 2564 novarum
1751 2516 1999 2577 studiosis,

100 2596 183 2635 ant
217 2586 504 2647 praesidium
557 2584 668 2634 inde
716 2585 968 2634 deductum
1022 2583 1270 2647 Philippos
1306 2585 1575 2635 adduceret.
1649 2585 1778 2650 Sed,
1825 2586 1999 2639 Clodio

99 2655 324 2707 Rhodum
359 2659 643 2719 navigante,
693 2653 768 2705 M.
812 2654 993 2706 Brutus
1028 2658 1261 2720 vigesimo
1300 2666 1408 2719 post
1444 2658 1644 2719 primam
1681 2676 1886 2722 pugnam
1920 2659 1999 2709 die

98 2732 272 2779 iterum
308 2729 553 2791 confligit,
599 2729 802 2777 vincitur
837 2745 892 2777 ac
928 2729 1079 2790 perit:
1141 2746 1233 2789 qua
1269 2746 1322 2776 re
1368 2729 1529 2778 audita
1567 2726 1764 2779 Clodius
1801 2747 1854 2779 se
1891 2748 1997 2780 cum

99 2800 269 2850 Cassio
320 2798 566 2849 Parmensi
617 2801 874 2862 coniungit.
952 2798 1094 2849 Hunc
1139 2798 1363 2848 Clodium
1402 2798 1598 2864 Pighius
1633 2800 1813 2852 Annal.
1852 2801 1997 2854 Rom.

98 2873 241 2923 Tom.
265 2870 359 2923 ΙΙΙ.
399 2890 445 2933 p.
468 2876 590 2923 478.
629 2873 732 2920 sine
768 2882 895 2919 certo
931 2881 1123 2936 auctore
1159 2874 1319 2921 statuit
1356 2868 1619 2924 Tribunum
1658 2875 1812 2935 plebis
1846 2875 1997 2924 fuisse

98 2961 146 2994 a.
178 2942 240 2994 U.
273 2941 332 2992 C.
361 2950 483 2995 710.
523 2960 565 2991 s.
605 2950 726 2995 711.
802 2942 858 2992 ld
900 2952 1056 2991 autem
1095 2941 1210 2991 mihi
1246 2961 1340 2991 non
1375 2944 1572 2992 dubium
1608 2954 1680 2995 est
1715 2947 1831 3007 quin
1869 2946 1996 2995 idem

98 3017 163 3064 sit
198 3015 283 3064 ille
316 3013 374 3065 C.
416 3014 646 3074 Clodius,
710 3016 790 3077 qui
828 3012 885 3063 C.
919 3013 1221 3077 Antonium,
1278 3012 1537 3066 Triumviri
1573 3015 1800 3076 fratrem,
1855 3035 1881 3066 a
1917 3014 1994 3067 Μ.

97 3084 252 3135 Bruto
301 3088 350 3135 in
385 3086 647 3135 custodiam
698 3088 788 3147 ipsi
839 3086 1064 3134 traditum
1100 3085 1388 3148 Apolloniae
1424 3088 1722 3141 interfecisse
1760 3089 1935 3139 «licitur
1967 3106 1996 3138 a

100 3156 814 3209 DioneCass.Libr.XLV11.
853 3175 894 3206 c.
924 3161 1008 3207 24.
1082 3154 1363 3208 Conferatur
1379 3158 1743 3209 Drakenborch.
1783 3160 1844 3210 ad
1862 3158 1993 3210 Livii

97 3227 307 3290 Epitom.
346 3227 483 3278 Libr.
514 3236 632 3280 121.
709 3227 905 3278 Praeter
937 3226 1160 3279 Clodium
1213 3239 1260 3279 et
1305 3229 1618 3291 Turullium,
1672 3229 1840 3281 Cassio
1878 3229 1994 3282 Par-

97 3302 248 3349 mensi
295 3317 348 3349 se
398 3300 616 3362 adjunxit
668 3303 812 3350 etiam
860 3298 947 3348 M.
993 3300 1191 3351 Tullius
1229 3302 1428 3362 GIcero«,
1478 3300 1554 3351 M.
1594 3302 1753 3364 filius,
1803 3302 1864 3353 de
1900 3321 1996 3367 quo

96 3371 206 3421 vide
244 3370 452 3422 Excurs.
484 3370 581 3421 lv.
664 3371 744 3421 De
782 3368 1009 3434 Lepido,
1057 3391 1198 3436 quem
1233 3391 1339 3428 cum
1376 3375 1467 3423 alia
1504 3391 1675 3434 manu,
1724 3368 1777 3425 ιιιΙ
1808 3373 1994 3438 Appia-

97 3460 187 3492 nus
230 3453 415 3502 narrat,
472 3439 670 3493 Cassius
720 3441 990 3503 Parmensis
1025 3447 1314 3508 assumpsit,
1370 3444 1489 3494 nibil
1521 3445 1638 3494 certi
1674 3444 1766 3497 dici
1803 3455 1987 3508 potest:

97 3513 565 3577 schweighsnnems
616 3516 910 3582 suspicatur,
973 3533 1084 3567 eum
1129 3533 1238 3569 essa
1285 3516 1442 3567 filium
1489 3514 1553 3569 L.
1591 3513 1797 3569 Aemilii
1830 3515 1986 3583 Pauli,

95 3586 256 3638 [ratris
290 3583 566 3638 Triumviri.
