2236 3932
734 188 818 226 nn
863 189 923 226 ι.
954 186 1161 227 vAmo
1210 185 1449 225 POETA.
1950 163 2032 225 53

332 324 617 384 Paulam
658 343 920 383 severae
958 325 1159 383 Musa
1200 318 1575 397 tragoediae

328 420 516 482 Desit
557 419 835 480 theatris
853 444 872 479 τ
916 441 1073 488 mox
1086 463 1111 494 ,
1155 417 1272 480 ubi
1306 415 1604 499 publicas·
1670 470 1673 472 ,

430 519 566 578 Res
607 516 943 580 ordinaris
957 563 979 593 ,
1018 518 1272 596 gra-nde
1309 535 1551 574 onustus

533 615 839 697 Cecropio
879 627 1123 698 repetes
1165 594 1517 691 cotlcgvmw,'

129 737 206 778 ea
247 736 437 776 nemo
478 736 611 775 non
653 715 828 776 videt
869 715 1160 775 blandius
1203 734 1243 774 a
1279 713 1605 774 Venusino
1661 719 1852 793 poeta
1894 732 2032 772 esse

131 818 334 890 dicta,
403 834 613 894 neque
668 814 819 874 inde
880 799 1037 875 certi
1094 814 1244 895 quid
1288 812 1493 895 colligi
1532 832 1719 893 posse
1763 814 1845 872 de
1886 811 2055 871 Pol--

132 917 302 975 lione
317 957 337 989 ‚
395 915 740 974 multarum
783 914 1089 995 scriptore
1131 912 1617 997 tragoediarmn.
1703 911 1778 971 Id
1820 917 2035 971 tamen

130 1014 325 1075 etiam
378 1013 483 1074 hic
537 1014 714 1073 locus
771 1014 984 1090 docet,
1061 1013 1241 1072 ilhnn
1283 1013 1495 1073 Virmn
1538 1012 1703 1092 apud
1746 1010 2036 1092 aequales

129 1113 341 1193 poesis
385 1113 659 1195 tragicae
701 1113 887 1173 laude
930 1111 1219 1172 floruisse
1231 1110 1328 1189 ⁴⁴).
1428 1111 1598 1171 Haec
1642 1115 1852 1171 autem
1895 1107 2035 1167 Oda

130 1213 332 1272 serius
405 1212 639 1292 scripta
706 1218 838 1287 est,
908 1230 1098 1292 quam
1165 1208 1375 1269 Satira
1434 1209 1708 1285 decima,
1770 1230 1857 1268 ex
1912 1228 2036 1288 qua

128 1312 428 1372 discimus
446 1355 465 1387 ‚
533 1310 930 1372 F1u1danium
990 1309 1329 1370 comoediis
1388 1304 1477 1368 et
1510 1307 1864 1368 Pollionem
1904 1314 2036 1367 tra-

129 1411 370 1493 goediis
412 1408 541 1494 jam
582 1430 751 1471 anno
794 1409 868 1468 U.
902 1407 971 1468 G.
1000 1408 1147 1467 723.
1192 1428 1429 1466 nomen
1471 1412 1537 1467 et
1579 1407 1845 1490 gloriam
1887 1408 2035 1467 ade-

130 1517 273 1590 ptos
317 1530 477 1570 esse.
574 1510 662 1568 At
702 1510 877 1568 idem
918 1508 1095 1568 locus
1141 1506 1476 1587 perspicue
1517 1527 1638 1566 nos
1681 1507 1899 1579 docet,
1956 1505 2035 1565 L.

119 1609 386 1669 Varium
437 1609 548 1668 illo
601 1615 889 1689 tempore
943 1606 1136 1687 epicis
1191 1612 1442 1666 tantmn
1487 1605 1870 1667 carminibus
1887 1648 1906 1681 ,
1975 1609 2038 1664 et

136 1706 460 1791 Virgilium
501 1728 632 1767 non
661 1707 787 1767 nisi
814 1706 1118 1768 bucolicis
1151 1706 1279 1766 suis
1312 1706 1623 1787 poematis
1650 1704 2035 1765 inclaruisse.

257 1808 716 1884 Quaerentibus
743 1807 951 1884 nobis,
998 1828 1111 1867 cur
1122 1806 1418 1867 Horatius
1437 1790 1706 1886 quatuor
1727 1804 1869 1864 illos
1881 1824 2036 1884 poe-

129 1915 223 1968 tas
253 1927 354 1983 eo,
398 1929 526 1988 quo
553 1908 819 1990 legimus
833 1943 874 1984 s
899 1907 1123 1968 ordine
1167 1903 1783 1981 commemoraverit,
1829 1904 2039 1971 diver-

128 2029 236 2068 sae
288 2008 636 2090 excogitari
678 2014 948 2088 possunt
990 2006 1270 2068 rationes
1310 2011 1373 2066 et
1417 2025 1697 2066 caussae.
1782 2002 2038 2082 Poterat

127 2109 302 2169 enim
336 2115 446 2168 aut
474 2107 792 2190 dignitatis
822 2115 930 2167 aut
973 2107 1196 2168 aetatis
1239 2106 1319 2167 ab
1364 2125 1443 2165 eo
1474 2105 1696 2166 haberi
1731 2105 1923 2165 ratio:
1957 2109 2039 2164 ut

127 2208 331 2270 Pollio
374 2207 474 2269 vir
518 2207 868 2269 consularis
915 2215 980 2267 et
1019 2208 1214 2268 rebus
1260 2207 1331 2266 in
1376 2206 1547 2266 bello
1574 2205 1766 2289 gestis
1812 2206 2035 2280 clarus,

128 2308 214 2369 ita
254 2306 523 2369 fortasse
566 2309 756 2368 etiam
797 2307 1199 2380 Fundanius3
1251 2313 1475 2366 contra
1516 2305 1744 2366 Varius
1789 2310 1854 2365 et
1899 2304 2039 2365 Vir-

129 2409 314 2491 gilius
358 2409 649 2469 homines
693 2415 876 2481 erant
917 2406 1171 2489 privati.
1271 2405 1403 2467 Sed
1444 2394 1667 2487 potior
1698 2405 1853 2465 mihi
1870 2448 1890 2481 ,
1945 2403 2040 2464 fa-

131 2516 306 2587 teor,
363 2508 619 2570 videtur
675 2509 832 2570 ratio
880 2507 1103 2568 aetatis
1121 2549 1142 2584 ‚
1202 2526 1327 2588 qua
1369 2499 1776 2589 grandiorem
1819 2525 2040 2585 quenl-

129 2629 258 2689 que
301 2608 732 2688 praeposuerit
775 2606 1041 2690 juniori:
1100 2627 1223 2686 qua
1279 2605 1634 2686 suspicione
1691 2603 2042 2687 qualicum-

128 2728 257 2788 que
318 2708 729 2768 confirmatur
799 2708 899 2785 id,
973 2708 1143 2788 quod
1203 2725 1396 2786 supra
1450 2712 1500 2779 §.
1550 2701 1613 2764 5.
1674 2705 1846 2780 dixi,
1918 2704 2040 2763 Va-

130 2809 297 2868 rimn
368 2806 628 2891 Virgilio
698 2807 892 2868 fuisse
963 2813 1112 2868 natu
1185 2802 1498 2888 majorem
1570 2810 1636 2865 et
1691 2805 2042 2865 Pollionem

130 2907 340 2968 Vario.
427 2906 650 2989 Itaque
694 2907 977 2970 fortassis
1006 2905 1372 2968 Fundanius
1415 2925 1670 2987 quoque
1691 2903 2042 2965 Pollionem

131 3012 335 3068 aetate
376 3008 736 3068 antecessit.
1448 3007 1451 3010 ⁴

304 3104 435 3167 Sed
490 3107 648 3168 haec
707 3107 1072 3167 mittamus:
1146 3107 1212 3167 id
1266 3110 1480 3167 autem
1537 3105 1606 3164 in
1663 3108 1878 3183 aperto
1923 3104 2041 3176 est,

136 3212 390 3287 poetam
429 3206 849 3267 Mantuanum
893 3207 1000 3267 illo
1042 3226 1210 3268 anno
1254 3226 1386 3268 non
1418 3205 1542 3264 nisi
1571 3201 1820 3283 Eelogis
1854 3200 2041 3261 inno-

136 3305 364 3382 tuisse,
409 3308 684 3367 necdum
728 3306 1043 3368 Aeneidos
1086 3283 1454 3368 scribendae
1486 3301 1820 3370 consilium
1846 3299 2043 3386 fuisse

134 3405 534 3488 evulgatum,
604 3406 886 3488 alioquin
939 3405 1238 3468 Horatius
1295 3401 1434 3490 ejus
1502 3401 1894 3464 mentionem
1950 3386 2043 3461 'se-

283 3607 381 3672 44)
422 3604 709 3659 conferatur
739 3607 803 3658 de
840 3606 940 3659 iuis
973 3604 1175 3674 Virgilii
1209 3604 1494 3668 Horatiique
1530 3603 1649 3653 locis
1687 3595 1888 3651 ExcurS.
1916 3598 2005 3649 111.
