2236 3932
204 181 289 240 72
790 199 871 239 un
919 200 978 240 1..
1010 198 1216 240 VAmo
1263 196 1501 237 rom-A.

205 339 579 412 statuamus,
637 333 727 394 ita
785 340 856 394 ut
889 346 968 403 ’,3.
986 333 1085 393 Ἠ.
1128 316 1198 391 C.
1243 332 1448 408 737.,·
1480 320 1625 392 licet
1668 321 1867 391 senex
1909 350 2096 391 sexa-

205 434 512 516 genarius,
558 433 684 494 dici
708 433 1054 511 haberique
1096 429 1308 490 adhuc²
1323 435 1540 511 posset
1572 429 1833 489 illustris
1862 424 2096 510 poeta?

205 532 324 609 Qui
364 533 554 616 igi-tur
599 531 820 592 Catulli
861 529 1064 589 fuerat
1107 516 1365 606 sodalis,
1410 535 1561 590 natu
1603 529 1815 590 minor
1829 573 1848 605 ‚
1894 533 1958 588 et
2000 527 2098 587 fa-

204 631 468 691 miliaris
526 630 971 708 convictorque
1012 625 1390 688 Maecenatis
1437 625 1700 711 junioris
1714 672 1734 705 ,
1790 628 1843 688 is
1887 626 2099 709 Virgi-

195 730 361 790 lium
405 732 471 792 et
510 728 841 789 Horatimn
895 722 1160 807 juvenes
1205 733 1665 808 nascentesque
1707 733 1923 808 poetas
1968 733 2100 787 stu-

205 828 454 889 diorum
508 828 807 887 adductus
852 801 1253 885 similitudine
1306 826 1374 885 in
1415 825 1900 887 familiaritatem
1943 825 2100 886 ami-

205 927 538 1005 citiamque
608 928 1028 1003 assumpserat
1083 930 1148 983 et
1202 945 1319 1004 per
1385 945 1641 986 omnem
1697 925 1893 987 vitam
1949 944 2102 984 con-

203 1022 592 1108 junctissime
625 1032 797 1082 'cum
848 1021 974 1082 illis
1045 1022 1316 1084 vixerat.
1425 1022 1569 1103 Ipse
1638 1025 1707 1084 in
1774 1023 2103 1104 republica

205 1122 273 1183 G.
311 1122 459 1183 Julii
504 1120 785 1181 Caesaris
838 1126 1045 1202 partes
1102 1121 1155 1181 si
1210 1143 1343 1182 non
1386 1123 1611 1198 armiS‚
1672 1129 1838 1184 certe
1889 1122 2102 1182 animo

204 1221 569 1301 studioque·
599 1225 844 1280 secutus
858 1263 877 1296 ‚
940 1220 1212 1281 heroicis
1282 1222 1564 1283 versibus
1622 1219 1788 1280 illius
1846 1222 2104 1282 caedem

205 1316 710 1401 deplorans-‘jam
753 1325 900 1380 ante
944 1340 1181 1379 annum
1223 1319 1292 1379 U.
1329 1319 1397 1380 G.
1426 1321 1572 1380 714.
1616 1331 1907 1401 magnam
1948 1339 2103 1398 poe-

201 1425 305 1479 tae
361 1419 523 1499 epici
564 1418 841 1500 'gloriam
900 1423 1272 1479 consecutus
1317 1425 1488 1495 erat,
1547 1439 1815 1500 eamque
1859 1423 2106 1477 auctam

203 1518 468 1599 posthac
535 1523 600 1577 et
667 1515 1105 1597 amplificatam
1163 1517 1551 1600 Panegyrico
1619 1518 1687 1577 in
1759 1517 2107 1600 Augustum

203 1637 404 1696 usque
485 1617 563 1676 ad
620 1635 676 1675 a.
721 1616 794 1675 U.
841 1617 909 1676 C.
961 1618 1106 1676 723.
1164 1637 1328 1676 unus
1400 1617 1569 1678 inter
1625 1618 1918 1697 aequales
1989 1617 2108 1676 ob-

202 1717 498 1776 tinuerat.
597 1714 774 1774 Hanc
815 1723 966 1775 vero
982 1757 1002 1790 ‚
1064 1731 1258 1794 quam
1313 1716 1506 1796 epicis
1551 1716 1929 1776 carminibus
1986 1714 2108 1774 sibi

203 1819 574 1896 pepererat,
631 1799 914 1895 'gloriam
968 1812 1118 1873 inde
1171 1813 1251 1873 ab
1296 1834 1465 1875 311110
1506 1815 1582 1874 U.
1613 1814 1683 1875 G.
1714 1816 1861 1874 727.
1881 1857 1900 1889 ‚
1945 1813 2109 1873 edita

207 1914 497 1991 Thyeste
546 1912 895 1994 tragoedia,
965 1911 1052 1971 ita
1118 1913 1521 1974 imminuerat
1586 1919 1652 1974 et
1726 1912 2109 1973 obscurave-
2151 1936 2159 1947 1

203 2009 358 2088 rat‚‘'
396 2032 543 2073 eum
595 2008 668 2070 ut
721 2011 1013 2091 aequales
1069 2018 1219 2071 natu
1273 2012 1551 2085 minores
1595 2011 1835 2093 pariter
1876 2030 1950 2071 ac
1990 2031 2111 2092 po-

207 2111 361 2170 steri
402 2133 535 2171 non
575 2117 647 2170 ut
689 2111 902 2190 epicae
971 2110 1182 2194 poesis
1225 2111 1610 2192 principem,
1671 2111 1780 2172 sed
1823 2117 1894 2171 ut
1935 2131 2111 2170 sum-

199 2229 383 2269 mum
438 2210 867 2270 Romanorum
923 2210 1233 2292 tragicum
1299 2215 1365 2270 et
1419 2210 1856 2271 felicissimum
1913 2208 2112 2271 Grae-

210 2329 432 2370 corum
475 2329 549 2370 ea
588 2310 658 2368 in
698 2310 886 2369 laude
928 2310 1380 2370 aemulatorem
1418 2311 1868 2390 praedicarent.
1942 2310 2112 2370 Vidit

210 2428 358 2468 eum
402 2427 646 2468 summa
689 2407 1022 2468 florentm
1050 2408 1261 2488 poesis
1303 2408 1578 2489 tragicae
1619 2408 1806 2468 laude
1845 2407 2110 2470 Ovidius

208 2504 455 2589 juvenis
469 2552 488 2584 ‚
532 2513 605 2567 ut
645 2505 785 2588 ipse
829 2512 1159 2567 attestatur
1200 2527 1286 2568 ex
1329 2507 1513 2567 Pont'.
1557 2507 1734 2568 Libr.
1764 2506 1870 2569 IV.
1914 2506 2111 2589 Epist.

215 2607 315 2666 16.
340 2606 424 2668 'v.
455 2607 559 2668 31.
1069 2640 1071 2643 ·
1274 2636 1279 2641 ·

301 2704 515 2784 Quum
578 2705 651 2769 V
640 2703 825 2766 arias
886 2705 1342 2789 Gracchusque
1415 2707 1649 2767 darent
1694 2705 1866 2788 sera
1935 2704 2112 2766 'dicta

1304 2805 1594 2886 tyranni,

388 2903 773 2966 Gazlmachi
807 2892 1123 2966 Proculus
1163 2906 1355 2965 molle
1394 2913 1636 2965 teneret
1674 2902 1796 2964 iter
1812 2903 1910 2984 65).

210 3003 348 3064 Hoc
402 3005 470 3063 in
525 3005 666 3064 loco
723 3023 760 3063 a
813 3026 910 3084 pr.
965 3025 1052 3064 111.
1119 3006 1191 3068 V
1182 3027 1344 3065 arus
1355 3047 1380 3079 ,
1450 3005 1560 3064 sed
1621 3003 2114 3085 suprascriptum

219 3103 289 3165 V
281 3102 497 3164 arius:
560 3103 713 3163 cod.
769 3102 941 3165 Bav.
984 3124 1085 3185 ap.
1139 3103 1528 3180 Harlesium,
1599 3103 1710 3183 qui
1767 3103 1955 3163 etiam
2015 3111 2115 3182 ty-

210 3202 444 3269 rann-is
497 3203 683 3262 habet
695 3244 716 3279 ,
789 3203 961 3282 quod
1028 3202 1104 3263 N.
1164 3203 1455 3264 Heinsius
1513 3199 1873 3286 conjectura
1924 3201 2114 3278 dedit,

213 3417 365 3461 paene
411 3403 470 3450 ad
521 3390 786 3453 extremum
832 3400 1041 3464 Augusti
1076 3401 1390 3462 principatum
1426 3400 1636 3461 duravit,
1675 3408 1753 3462 et,
1788 3406 1910 3449 teste
1938 3396 2114 3446 Hiero-

214 3488 361 3534 nymo
397 3475 444 3520 in
466 3471 642 3523 Chron.
664 3472 839 3521 Euseb.
871 3472 932 3520 ad
969 3489 1012 3519 a.
1042 3471 1296 3534 MMDD„
1331 3474 1619 3536 octogesimo
1645 3473 1811 3522 aetatis
1849 3485 1964 3519 suae
1990 3484 2112 3517 anno

213 3552 427 3595 mortuus
462 3554 560 3593 est:
597 3544 695 3594 vid.
733 3541 1020 3592 Thorbeckii
1055 3539 1320 3592 Commeat.
1359 3545 1393 3591 l.
1434 3562 1480 3604 p.
1505 3547 1592 3592 47.
1679 3525 1707 3559 ἡ

359 3618 453 3676 65)
490 3616 568 3666 De
603 3613 828 3702 Graccho*
858 3623 906 3664 et
942 3612 1146 3663 Proculo
1181 3611 1344 3664 Poetis
1376 3614 1555 3664 videsis
1589 3612 1796 3664 Excurs.
1827 3610 1923 3662 Vi.
