2236 3932
180 159 261 218 52
769 178 850 216 nr:
898 178 956 215 1..
987 176 1194 217 VAmo
1241 174 1480 214 POETA.

185 313 284 375 oui
325 312 662 373 Damoetas
703 312 1048 392 respondet
1088 332 1152 372 v.
1180 310 1290 369 88.

245 410 409 503 Qui
455 421 556 489 te,
615 409 854 487 Pollio,
912 420 1095 470 canat
1110 452 1136 485 ,
1208 407 1469 482 veniat,
1520 429 1664 492 ,quo
1720 419 1805 469 te.
1838 431 2084 493 Quoque

1210 509 1487 584 gaudet,-

270 612 468 672 Mella
494 611 731 696 fluant
769 607 876 669 illi
886 650 909 682 ,
936 607 1133 686 serat
1175 616 1236 665 et
1277 606 1478 667 rubus
1507 629 1701 689 asper
1733 615 2081 668 amomum.

184 712 356 775 Haeo
410 709 641 792 Eeloga
697 705 1045 787 composita
1114 711 1211 764 est
1269 711 1506 766 aestate
1560 714 1842 767 exeunte
1899 729 1956 768 a.
2007 709 2083 768 U.

188 811 260 872 G.
285 813 430 872 712.
476 816 542 869 et
582 808 699 869 vix
754 804 1029 864 dubitari
1071 810 1311 884 potest,
1373 805 1530 884 quin
1569 827 1744 866 nova
1786 806 2085 866 οα-ιηηίιια

185 909 555 991 explicanda
612 905 740 964 sint
783 904 864 963 de
909 904 1248 985 tragoediis
1263 946 1283 979 ,
1351 903 1421 962 in
1464 905 1690 984 quihus
1735 906 2085 965 scribendis

185 1009 383 1070 Pollio
441 1013 577 1064 tum
633 1002 937 1084 temporis
950 1046 972 1079 ,
1047 1003 1410 1083 provinciae
1477 1004 1624 1064 lieet
1687 1004 2088 1065 administra-

186 1109 360 1168 tione
431 1104 752 1185 distrietus
767 1146 787 1180 ,
858 1108 1242 1165 versaretur.
1355 1101 1537 1162 Idem
1605 1110 1795 1183 poeta
1868 1103 2086 1186 Eolog.

185 1206 393 1281 VEL,
453 1223 645 1285 quam
687 1223 854 1264 anno
899 1202 974 1262 U.
1007 1201 1076 1262 C.
1110 1201 1257 1263 715.
1302 1201 1599 1283 scriptam
1642 1222 1783 1263 esse
1826 1209 2087 1281 constat,

186 1306 274 1366 ait
314 1327 378 1366 v.
410 1305 472 1364 9.

270 1405 377 1464 En
417 1402 580 1478 erit,
622 1411 699 1463 ut
740 1400 932 1462 liceat
973 1411 1180 1463 totum
1219 1399 1391 1461 mihi
1411 1401 1605 1482 ferre
1637 1423 1762 1483 per
1799 1401 2020 1461 orbem

270 1505 423 1564 Sola
463 1503 808 1584 Sophocleo
849 1513 970 1562 tua
1017 1500 1318 1561 carmina
1362 1500 1565 1578 digna
1609 1501 1923 1574 cothurno
1941 1496 1973 1561 ?

187 1621 272 1665 ex
314 1625 440 1685 quo
496 1603 637 1663 loeo
679 1601 1076 1683 intelligitur,
1132 1599 1393 1681 Virgilio
1439 1601 1704 1681 scriptas
1763 1599 2092 1680 editasque

189 1726 224 1765 a
265 1703 551 1764 Pollione
612 1701 997 1782 Tragoedias
1055 1698 1184 1782 jam
1220 1706 1378 1759 tum
1432 1699 1815 1776 innotuisse,
1860 1720 2092 1780 easque

190 1823 302 1864 ore
358 1807 425 1861 et
466 1801 633 1860 fama
677 1799 944 1858 aliorum
988 1799 1333 1859 celebratas
1379 1819 1521 1859 esse
1536 1798 1632 1877 ²²³).
1732 1798 1952 1877 Neque
1995 1805 2095 1858 ta-

188 1924 337 1963 men
380 1902 459 1960 ab
503 1899 563 1961 J.
598 1899 679 1958 ll.
710 1897 939 1958 Vossio
996 1899 1077 1958 ad
1118 1898 1184 1957 h.
1227 1898 1271 1955 l.
1316 1919 1380 1977 p.
1410 1898 1560 1958 396.
1616 1897 1772 1956 mihi
1830 1918 2094 1978 persua-

191 2002 325 2061 deri
382 2000 620 2082 patiar,
679 2004 750 2057 ut
806 1998 1065 2058 omnino
1122 1996 1351 2057 multas
1406 2017 1442 2057 a
1484 1997 1802 2073 Pollione,
1859 1997 1968 2077 qui
2011 1999 2092 2057 ab

190 2123 354 2162 anno
409 2101 485 2159 U.
543 2098 613 2159 C.
670 2098 820 2158 705.
877 2097 1184 2158 continuis
1243 2096 1394 2156 belli
1448 2097 1769 2157 laboribus
1826 2117 2094 2178 occupa-

132 2233 133 2237 *
190 2209 293 2260 tus
347 2199 601 2276 fuisset,
674 2198 936 2279 scriptas
993 2219 1131 2258 esse
1190 2196 1575 2278 Tragoedias
1639 2197 1924 2272 credam,
1985 2204 2095 2256 aut

189 2321 494 2382 umquam
521 2299 591 2377 in
617 2319 816 2358 imum
872 2298 1070 2360 veluti
1113 2316 1342 2376 eorpus
1404 2295 1714 2355 collectaS.
1799 2294 1876 2354 Id
1920 2296 2094 2356 enim

195 2402 248 2461 si
323 2401 561 2461 factum
628 2404 827 2474 esset,
912 2394 1222 2480 majorem
1293 2395 1511 2475 utique
1585 2394 1823 2456 faceret
1902 2395 2096 2455 mira-

194 2502 432 2561 tionem
501 2499 724 2582 ingens
792 2497 1316 2579 Fragmentorum
1383 2495 1664 2575 paucitas
1746 2501 1811 2554 et
1896 2495 2095 2554 altum

197 2600 765 2662 Grammaticormn
820 2599 897 2657 de
955 2597 1150 2657 titulis
1205 2595 1456 2654 illarmn
1513 2594 1853 2654 silentium.
1938 2592 2097 2653 Nam

198 2721 359 2782 quae
427 2699 758 2773 Horatius,
845 2697 1226 2757 excitanti-us
1299 2693 1679 2769 Pollionem,
1753 2698 1826 2751 ut
1891 2693 2097 2752 bello-

195 2823 338 2862 rum
381 2800 655 2862 eivilium
686 2797 1042 2859 historiam
1099 2799 1428 2878 pertexat,
1491 2791 1671 2861 Lihr.
1713 2790 1797 2851 II.
1859 2791 1999 2853 Oda
2034 2789 2093 2852 l.

197 2900 440 2961 scribit:

339 3156 432 3223 43)
469 3155 606 3206 M'ale
639 3154 691 3204 h.
720 3156 760 3205 l.
796 3157 1130 3217 interpretatus
1162 3163 1235 3203 est
1260 3151 1489 3210 Servius3
1528 3153 1665 3212 pejus
1700 3150 1839 3198 etiam
1866 3146 2093 3198 Pseudo-

200 3224 427 3291 Servius,
462 3229 605 3288 Alii,
653 3229 831 3290 iuquit,
886 3225 996 3275 ideo
1030 3225 1119 3276 hoc
1153 3226 1216 3274 de
1249 3225 1469 3274 Pollione
1506 3221 1687 3270 dictum
1714 3221 1908 3280 volunt,
1963 3216 2099 3284 quod

146 3326 149 3329 ·
201 3310 245 3346 et
278 3302 381 3360 ipse
409 3304 658 3365 utriusque
690 3299 890 3361 linguae
917 3297 1286 3360 tragoediarum
1319 3298 1530 3357 scriptor·
1548 3295 1685 3360 fuit.
1757 3292 1916 3358 Quam
1950 3293 2096 3339 inter·
2124 3301 2132 3314 ‘

200 3374 507 3430 pretationem
555 3389 740 3433 nequeo
787 3372 903 3419 satis
944 3371 1108 3417 mirari
1154 3372 1290 3417 unice
1326 3384 1485 3415 veram
1522 3366 1693 3413 dictam
1731 3381 1839 3412 esse
1874 3381 1902 3411 a
1939 3361 2095 3410 Thor-

202 3441 369 3490 beckio
405 3444 443 3493 l.
476 3461 518 3492 c.
560 3461 609 3504 p.
641 3447 760 3492 127.
832 3440 956 3506 Quis
991 3458 1085 3489 non
1116 3441 1274 3502 videt,
1314 3437 1544 3486 Pollionis
1573 3437 1776 3484 carmina
1813 3435 1906 3482 dici
1937 3431 2093 3493 digna

201 3511 466 3575 Sophocleo
514 3513 765 3574 cothurno,
815 3523 990 3575 utquae
1038 3511 1097 3560 ad
1133 3510 1385 3574 Sophoclis
1433 3510 1713 3573 gravitatem
1749 3515 1796 3556 et
1830 3505 2093 3555 sublimita-

201 3594 298 3632 tem
333 3588 550 3647 proxime
586 3586 860 3634 accederent
873 3577 905 3636 ’.Ῑ
1610 3585 1615 3588 ’
