2236 3932
247 120 328 179 10
825 138 909 180 on
954 140 1013 181 ι.
1058 140 1267 184 vAmo
1311 140 1552 184 POETA.

1102 285 1154 351 ᾗ.
1210 275 1275 337 3.

413 398 688 465 Gentem
731 402 987 466 Variam
1041 402 1232 464 fuisse
1289 400 1602 490 plebeiam
1657 411 1845 486 atque
1884 405 2132 489 ignobi-

238 502 399 581 lem,
442 503 510 562 in
554 503 842 564 confesso
886 509 1010 580 est,
1055 503 1107 562 si
1150 502 1407 582 quidem
1443 524 1670 582 nem0‚
1717 507 1891 585 quod
1917 506 2131 582 sciam,

236 601 304 660 in
348 622 423 662 ea
467 603 709 662 exstitit
722 646 742 679 ,
801 603 911 682 qui
951 601 1256 680 imagines
1300 610 1670 679 consecutus
1711 604 1924 665 fuerit.
2011 605 2133 681 Qui

236 719 325 760 ex
393 701 798 783 scriptoribus
851 700 1149 760 Romanis
1215 701 1625 764 innotuerunt
1691 704 1876 765 nobis
1932 703 2134 782 Varii„

235 819 505 860 numero
548 798 882 881 perpauci,
928 818 1151 859 eorum
1191 798 1495 863 familiam
1538 804 1770 864 (lucere
1812 793 2069 866 videtur

404 912 465 992 Ι)
527 913 600 988 Q.
632 910 854 971 Varius
885 908 1296 973 Sucronensis
1307 959 1327 991 ,
1372 915 1483 994 qui
1508 922 1769 997 propter
1794 917 2134 978 obscurum

233 1012 495 1073 civitatis
537 1007 638 1093 jus
682 1030 1035 1093 cognomen
1069 1010 1404 1091 Hybridoee
1442 1013 1711 1092 invenit,
1753 1016 1948 1076 homo
1991 1015 2134 1076 foe-

228 1112 349 1170 dus
394 1115 457 1170 et
497 1115 712 1170 vastus
729 1154 749 1186 ,
797 1107 974 1194 cujus
1019 1131 1231 1171 mores
1274 1111 1556 1192 depingit
1580 1112 1788 1174 Valer.
1813 1115 2132 1176 Maximus

227 1207 406 1268 Libr.
435 1207 553 1268 III.
599 1228 653 1268 c.
684 1207 745 1267 7.
778 1210 842 1268 8.
952 1208 1015 1269 Is
1069 1216 1280 1270 tamen
1338 1211 1588 1272 dicendi
1644 1211 1935 1274 facultate
1991 1235 2132 1275 ma-

225 1329 415 1392 gnam
468 1309 538 1369 in
596 1307 846 1370 civitate
903 1309 1166 1391 gratiam
1222 1316 1590 1371 consecutus
1634 1318 1805 1390 erat,
1874 1319 2131 1374 auctore

229 1408 534 1469 Cicerone
590 1408 669 1467 ‹le
728 1405 902 1467 Orat.
936 1407 1113 1467 Libr.
1146 1407 1198 1468 Ι.
1243 1429 1297 1469 c.
1326 1405 1428 1470 25.
1483 1410 1703 1491 ibique
1743 1412 2132 1473 Henrichsen

223 1529 290 1592 p.
326 1505 428 1568 54.
463 1507 765 1586 (Havniae
802 1507 1020 1586 1833).
1104 1507 1250 1569 Fuit
1291 1510 1575 1570 tribunus
1617 1510 1840 1590 plebis¹
1863 1531 1919 1571 a.
1950 1511 2025 1571 U.
2059 1511 2132 1573 C.

134 1664 137 1665 γ
226 1608 374 1669 664.
432 1606 511 1666 ab
574 1625 781 1686 eoque
836 1607 963 1666 lata
1019 1612 1115 1666 est
1168 1607 1280 1667 lex
1333 1609 1412 1668 de
1451 1605 1780 1690 majestate
1825 1612 2129 1672 adversus

146 1762 149 1768 ,
223 1726 336 1768 eos
352 1749 371 1782 ,
417 1727 693 1786 quorum
736 1726 929 1786 opera
974 1706 1315 1768 consiliove
1358 1708 1512 1767 socii
1542 1707 1745 1768 Italici
1778 1729 1951 1768 arma
1979 1730 2131 1770 con-

223 1811 319 1867 tra
387 1805 700 1886 populum
756 1803 1114 1865 Romanum
1183 1807 1631 1886 sumpsissent,
1688 1828 1753 1869 v.
1808 1807 2129 1868 Heineccii

220 1904 430 1984 Antiq.
459 1903 724 1984 Jurispr.
753 1902 828 1963 R.
857 1903 1034 1963 Libr.
1060 1903 1172 1964 IV.
1202 1905 1330 1964 Tit.
1355 1907 1453 1966 18.
1485 1914 1534 1979 §.
1552 1906 1656 1966 47.
1698 1906 1916 1986 ibique
1957 1908 2130 1968 Hau-

221 2003 395 2064 bold.
439 2025 504 2084 p.
536 2002 719 2063 776.:
790 2023 917 2082 qua
972 2004 1111 2084 lege
1165 2010 1387 2085 postea
1445 2005 1584 2086 ipse
1642 2006 1965 2066 damnatus
2010 2012 2124 2084 est,

219 2109 379 2163 teste
415 2101 715 2163 Cicerone
757 2102 826 2162 in
866 2102 1046 2162 Brut.
1077 2122 1132 2163 c.
1162 2105 1268 2164 89.
1297 2112 1346 2178 §.
1375 2104 1442 2166 7.
1486 2106 1562 2166 cl.
1594 2125 1648 2166 c.
1679 2107 1784 2167 62.
1824 2114 1875 2181 ς.
1905 2109 1968 2168 2.
2006 2106 2128 2166 ibi-

487 2329 645 2381 Alter
678 2329 843 2396 Atys,
876 2349 1033 2394 genus
1067 2328 1198 2381 unde
1231 2331 1352 2381 Atii
1387 2330 1583 2382 duxere
1615 2329 1808 2396 Latini,

491 2401 689 2452 Parvus
722 2403 889 2468 Atys,
929 2421 1181 2469 pueroque
1203 2423 1336 2466 puer
1372 2403 1575 2453 dilectus
1612 2403 1760 2453 Iulo:

217 2506 312 2550 quo
347 2487 398 2536 in
444 2488 551 2537 loco
598 2507 691 2537 non
742 2507 973 2549 assequor
1018 2490 1133 2550 quid
1167 2491 1259 2538 sibi
1302 2490 1508 2539 voluerit
1558 2487 1784 2552 Heynius
1819 2489 1870 2536 in
1905 2487 1967 2537 N.
2006 2486 2120 2554 cri:

217 2561 296 2608 tic.
358 2561 599 2622 scribens,
677 2560 1031 2622 praeferendam
1095 2562 1187 2608 sibi
1244 2561 1397 2610 videri
1448 2561 1703 2608 lectionem
1754 2559 1938 2611 codd..
1998 2561 2118 2624 Ati,

216 2647 282 2678 ex
317 2640 477 2680 vetere
513 2647 674 2680 more.
728 2633 810 2692 qui
861 2639 1018 2678 tamen
1063 2633 1126 2678 sit
1161 2632 1250 2679 ille
1285 2648 1391 2679 mos
1428 2639 1594 2692 vetus,
1662 2631 1814 2680 fateor
1848 2649 1954 2679 cum
1990 2629 2119 2682 Phil.

216 2698 472 2765 Wagnero
509 2720 585 2750 me
623 2705 823 2762 nescire,
897 2698 1143 2764 Virgilius
1199 2712 1362 2764 aperte
1411 2701 1490 2750 hic
1539 2703 1689 2750 voluit
1725 2703 1966 2751 illustrare
1998 2720 2121 2764 gen-

214 2784 309 2820 iem
358 2772 565 2834 Atiam,
621 2773 683 2821 ad
731 2791 871 2834 quam
925 2771 1103 2822 Caesar
1153 2771 1407 2836 Augustus
1455 2791 1543 2835 per
1591 2783 1790 2822 matrem
1838 2775 2119 2837 pertinebat,

198 2845 444 2906 illiusque
481 2847 804 2906 antiquitatem
836 2846 960 2892 tueri
997 2854 1157 2893 contra
1189 2845 1266 2895 M.
1292 2844 1495 2894 Antonii
1512 2846 1772 2922 opprobria
1808 2853 1856 2893 et
1888 2846 2122 2893 obtrecta-

216 2917 385 2965 tiones.
460 2912 666 2964 Proinde
718 2917 853 2963 illius
899 2917 1054 2978 gentis
1104 2918 1336 2979 originem
1379 2895 1565 2964 deducit
1612 2917 1670 2963 ab
1706 2915 1847 2979 Atye
1884 2915 2117 2979 Phrygio,

216 2990 353 3046 cujus
400 3005 572 3036 nomen
618 2996 666 3036 et
710 2989 868 3048 ipsum
905 2988 1112 3035 variatur
1147 2998 1194 3043 et
1236 2983 1427 3050 Ἄττις,
1466 2983 1672 3049 Hauc,
1704 2982 1877 3046 Ἄτυς,
1919 2982 2119 3051 Ἄττης,

214 3058 391 3120 Auis,
427 3056 603 3108 Atthis
626 3097 639 3119 ,
673 3058 811 3122 Atys
846 3067 1096 3105 exaratum
1130 3061 1391 3117 invenitur,
1431 3068 1485 3107 ut
1521 3058 1825 3106 ostenderunt
1860 3058 2119 3107 Hemster-

214 3129 385 3178 husius
428 3130 487 3178 ad
535 3129 738 3178 Luciani
786 3129 916 3177 Dial.
956 3130 1107 3178 Deor.
1136 3128 1257 3177 ΧΠ.
1298 3130 1441 3179 Tom.
1470 3128 1538 3179 ll.
1578 3148 1624 3190 p.
1655 3135 1772 3180 283.
1814 3127 1929 3191 Bip.
1968 3140 2015 3177 et
2052 3128 2116 3179 N.

213 3199 444 3254 Heinsius
489 3202 550 3249 ad
600 3200 766 3250 Ovidii
802 3199 932 3248 Fast.
959 3199 1096 3249 Libr.
1124 3199 1219 3249 lV.
1258 3219 1305 3250 v.
1327 3207 1448 3251 223.
1539 3199 1786 3250 Utrumvis
1833 3201 1891 3248 de
1941 3202 2118 3249 utrius-

215 3290 310 3334 que
356 3275 562 3322 nominis
615 3275 846 3333 scriptura
900 3273 1153 3334 statuitur,
1207 3273 1258 3319 id
1306 3290 1419 3321 sane
1451 3273 1648 3334 planum
1699 3282 1798 3331 est,
1866 3272 2117 3320 lectionem

214 3345 352 3396 unice
384 3362 544 3392 veram
584 3362 659 3406 ap.
686 3341 952 3406 Virgilium
990 3359 1097 3391 esse
1130 3341 1277 3404 Atii,
1339 3353 1388 3392 et
1433 3354 1631 3392 matrem
1667 3341 1971 3404 Imperatoris
2006 3341 2116 3389 Au-

213 3417 342 3477 gusti
378 3414 587 3478 Atz'am,
637 3433 733 3464 non
767 3413 965 3464 Attium
1004 3430 1108 3463 esse
1146 3415 1455 3477 appellatam,
1503 3416 1617 3464 licet
1653 3416 1711 3463 ab
1750 3413 1905 3465 Dione
1944 3411 2113 3463 Cassio

204 3485 353 3534 Libr.
380 3484 555 3535 XLV.
594 3503 634 3535 c.
667 3493 714 3536 1.
759 3481 929 3536 Ἀττιά
974 3487 1273 3538 nominetur:
1335 3487 1399 3536 cf.
1438 3485 1726 3537 Garatonius
1770 3484 1830 3535 ad
1868 3482 2114 3543 Ciceronis

213 3555 428 3621 Philipp.
447 3556 544 3607 ΠΙ.
583 3571 623 3607 c.
647 3563 695 3607 6.
728 3555 854 3607 Vol.
875 3555 942 3606 Π.
979 3573 1028 3619 p.
1057 3561 1142 3606 26.
1169 3555 1318 3614 Wdf.
