2236 3932
692 225 773 267 nr:
817 224 1052 266 eassto·
1090 220 1453 263 PARMENsl.
1894 203 2018 263 273

123 360 691 425 accommodatiore
718 341 985 440 poterat
1027 361 1270 422 versari
1310 357 1591 420 studium
1629 356 1828 437 Cassii
1870 358 2020 418 Par-

123 447 355 523 mensis
377 506 396 538 ‚
455 458 822 541 Pompeiani
874 459 1040 519 illius
1099 468 1163 522 et
1205 459 1357 521 Julii
1401 457 1684 520 Caesaris
1730 456 2020 517 (lomina-

122 570 256 621 tum
298 559 646 641 aegerrime
688 558 950 618 ferentis
965 603 985 635 ,
1046 579 1238 637 (fuam
1291 559 1358 619 in
1413 557 1742 640 cogitanda
1786 556 2023 616 descri-

122 660 455 739 bendaque
513 658 590 718 L.
649 656 825 718 Junii
878 657 1086 733 Bruti,
1159 679 1386 740 regum
1435 654 1824 737 expulsol·iS‚
1895 656 2026 718 vir·-

125 767 256 819 tute
269 758 340 835 ⁵¹)
357 753 388 817 Ρ
431 754 511 816 Et
553 777 730 837 quaev
760 757 1083 839 tragoedia
1100 756 1370 818 Varroni
1411 751 1800 838 Pompeiano
1844 762 2026 836 pote-

123 865 222 917 rat
270 856 477 918 videri
518 855 762 938 dignior
804 856 1126 917 mentione
1171 876 1243 915 ac
1268 844 1456 917 laude
1473 899 1491 932 ‚
1549 875 1743 936 quam
1781 844 2030 915 Bruttis

132 954 378 1029 Cassii,
450 956 548 1016 sui
605 977 811 1036 nuper
866 956 1312 1018 commilitonis
1367 963 1434 1016 et
1475 963 1704 1036 poetae
1747 950 2026 1037 egregii?

129 1053 258 1114 Sed
301 1055 613 1135 quidquid
658 1062 755 1116 est
796 1053 986 1137 hujus
1030 1052 1459 1135 conjecturae,
1520 1055 1587 1114 id
1629 1054 1699 1114 in
1743 1052 2027 1115 confesso

126 1153 353 1232 fuerit,
416 1154 701 1215 Cassium
742 1155 1147 1216 Parmensem
1199 1151 1328 1235 jam
1370 1160 1514 1214 ante
1554 1153 1707 1215 Julii
1752 1151 2030 1214 Caesaris

129 1255 389 1315 caedem
428 1274 515 1317 ex
558 1255 841 1315 doctrina
884 1254 1164 1314 nobilem
1212 1260 1278 1314 et
1320 1253 1559 1313 clarum
1602 1251 1794 1312 fuisse
1838 1259 2030 1332 atque

128 1354 418 1435 inprimis
461 1355 812 1415 carmimnn
837 1354 1031 1436 gloria
1059 1350 1362 1413 floruisse.
1448 1351 1608 1411 Hinc
1641 1352 1831 1412 etiam
1859 1372 2032 1412 com·-

129 1452 435 1534 probatur
474 1454 569 1530 id,
630 1454 799 1534 quod
859 1451 1182 1513 verisimili
1227 1449 1584 1533 conjectura
1629 1436 1799 1511 ducti
1844 1459 1894 1523 ξ.
1932 1453 2030 1510 15.

130 1552 525 1632 scripsimus,
600 1551 934 1612 Horatium
1001 1547 1129 1631 jam
1199 1533 1376 1632 prius
1394 1595 1412 1628 ‚
1488 1571 1680 1632 quam
1750 1550 2033 1611 Athenas
2075 1574 2090 1583 ‘

131 1651 337 1712 abiret
393 1671 562 1713 anno
605 1652 679 1712 U.
728 1649 798 1711 G.
835 1651 984 1712 709.
1029 1670 1103 1710 ac
1143 1651 1230 1711 M.
1270 1651 1448 1710 Bruti
1492 1658 1690 1712 castra
1733 1669 2034 1730 sequere-

130 1757 269 1828 tur,
333 1752 575 1814 Romae
632 1750 885 1813 novisse
931 1749 1211 1811 Cassium
1252 1749 1660 1811 Parmensem
1675 1794 1695 1827 ,
1761 1770 2035 1830 emnque

130 1857 389 1933 propter
453 1840 691 1934 ingenii
760 1849 1239 1932 carminumque
1307 1851 1756 1933 praestantiam
1826 1850 2037 1934 magni

133 1951 516 2012 aestimasse.
761 2027 764 2030 ἦ
1879 1949 1882 1951 ’

304 2050 527 2132 Itaque
569 2050 718 2112 satis
764 2056 1008 2112 certum
1064 2070 1205 2112 esse
1247 2050 1528 2129 videtur,
1589 2051 1744 2111 duas
1787 2056 1957 2111 certe
2000 2069 2038 2111 a

136 2149 351 2212 Cassio
393 2150 718 2212 Parmensi
761 2150 1026 2234 scriptas
1068 2149 1262 2213 fuisse
1303 2151 1654 2234 tragoedias
1671 2194 1692 2228 ,
1756 2151 2056 2212 Brutum⁴

136 2256 204 2310 et
269 2250 631 2331 Thyestem.
727 2249 887 2312 Nam
948 2272 1149 2333 quum
1192 2253 1358 2333 apud
1399 2248 1744 2334 Apuleium
1788 2251 1869 2311 (le
1914 2248 2040 2310 Or·-

136 2348 468 2433 thograph.
512 2357 564 2423 §.
602 2351 707 2411 28.
750 2351 1052 2433 legimus:
1120 2350 1440 2425 „Cassia-s
1483 2353 1754 2411 Severus
1793 2349 1869 2411 in
1910 2350 2038 2413 IV.

139 2447 477 2526 tragoedia
492 2454 567 2522 ;“
624 2450 889 2530 planum
944 2450 1202 2530 quidem
1259 2458 1385 2528 est,
1445 2451 1563 2510 snb
1603 2450 1725 2512 isto
1767 2469 2038 2511 numero
2069 2428 2090 2444 ἡ

140 2546 268 2609 IV.
327 2547 526 2607 latere
585 2568 823 2609 nomen
880 2547 1144 2631 alicujus
1188 2550 1549 2633 tragoediae
1593 2557 1656 2611 et
1695 2550 1799 2615 Fr.
1837 2548 2044 2612 Osanss

139 2667 295 2707 num
336 2646 404 2707 in
444 2645 655 2707 Jahnii
697 2647 919 2708 Annal.
945 2648 1171 2711 Philol.
1216 2656 1281 2710 et
1317 2649 1663 2734 Paedagog.
1691 2649 1834 2713 Vol.
1863 2649 2042 2711 XIII.

143 2747 331 2808 1830.
374 2769 439 2827 p.
481 2746 629 2807 324.
673 2754 973 2827 peracute
1017 2745 1359 2832 conjecisse
1402 2750 1504 2811 Ιο.
1601 2752 1687 2811 At
1725 2772 1882 2814 vero
1924 2751 2044 2811 iste

139 2843 447 2928 Apuleius
502 2867 694 2927 quam
749 2854 993 2909 temere
1048 2856 1316 2910 vocetur
1369 2850 1450 2909 ad
1491 2850 1921 2912 testimonium
1964 2851 2044 2910 ‹le

143 2945 358 3007 Cassio
412 2946 738 3008 Parmensi
794 2947 1165 3024 dicendum,
1237 2945 1368 3031 jam
1410 2969 1599 3032 supra
1642 2958 1697 3025 §.⁴
1725 2953 1787 3012 7.
1833 2956 2043 3012 osten-

145 3045 375 3106 dimnS.

313 3145 397 3205 Π.
457 3144 963 3228 Epigrammata
1022 3145 1215 3208 Cassii
1269 3146 1625 3211 Parmensis
1671 3171 1815 3211 cum
1860 3150 2045 3211 laude

147 3246 661 3323 commemorari,
730 3245 1050 3307 affirmant
1122 3244 1513 3310 scholiastae
1573 3249 1834 3311 Horatii.
1946 3250 2046 3311 Ad

293 3448 383 3503 ⁵1)
415 3442 525 3494 Hoc
556 3447 683 3494 euim
717 3457 1043 3510 argumentum
1081 3465 1194 3510 prae
1230 3451 1428 3499 caeteris
1460 3450 1692 3512 populare
1727 3459 1846 3501 erat.
1903 3449 2049 3519 Quod

145 3525 365 3576 superest
419 3516 732 3578 fragmentum
783 3519 987 3566 continet
1039 3519 1182 3568 verba
1232 3518 1487 3570 Lucretiae
1541 3521 1598 3569 ad
1648 3530 1868 3583 parentes
1915 3540 2049 3584 snos,

146 3601 252 3634 cum
307 3586 367 3635 de
411 3588 589 3635 nefaria
649 3588 841 3637 audacia
893 3587 1031 3639 Sext.
1082 3589 1327 3654 Tarquinii
1372 3603 1766 3657 conquereretur,
1829 3603 1882 3644 ut
1932 3595 2052 3644 bene

149 3656 366 3708 observat
402 3657 620 3722 Scaliger
658 3659 717 3709 ad
756 3658 963 3712 Varron.
1002 3658 1120 3714 Vol.
1156 3661 1222 3713 11.
1256 3681 1307 3726 p.
1339 3670 1460 3714 122.
1485 3665 1601 3727 Bip.

225 3740 548 3794 Wncntnr.
584 3742 876 3796 Comum-r.
1614 3749 1695 3809 18
