2236 3932
887 208 1226 252 Excunsus
1266 208 1366 249 xv.
1954 193 2075 254 163

175 352 258 412 sit
298 370 372 412 ao
426 342 939 410 defendendum?
1007 345 1170 406 Huic
1208 344 1554 408 sententiae
1609 343 1937 431 suffragari
1978 354 2077 414 vi.

178 453 301 512 deo
354 448 792 531 Kreyssigium
861 453 928 506 et
981 443 1493 521 Ramshornium.
1602 443 1776 507 Gens
1818 450 2078 513 Rubria

177 551 344 631 apud
382 551 699 609 Romanos
746 544 918 605 haud
958 544 1285 627 ignobilis:
1326 565 1392 605 v.
1439 542 1811 627 Glandorpii
1841 547 2075 612 Onom-

175 673 242 731 p.
282 649 431 710 748.
517 645 598 706 Et
639 642 834 704 Liebe
873 643 939 703 in
984 643 1194 705 Gotha
1237 642 1421 704 Num.
1465 665 1528 725 p.
1566 645 1712 706 399.
1759 648 1835 707 el.
1878 671 1941 730 p.
1973 652 2080 713 44.

173 768 445 808 numum
487 742 671 806 affert
686 786 706 820 ‚
763 743 834 804 in
892 765 1019 824 quo
1062 743 1144 803 L.
1188 741 1482 804 Rubrius
1515 745 1899 809 Dossennus
1939 771 2082 811 me-

167 852 498 921 moratur,
568 843 832 904 fortasse
890 849 1190 926 cognatus
1231 842 1590 918 Dossenni,
1644 844 2081 913 Atellanarum

175 945 500 1027 scriptoris
516 988 537 1021 ‚
583 940 763 1027 cujus
804 942 1095 1005 meminit
1121 942 1418 1004 Horatius
1461 943 1639 1005 Libr.
1669 943 1753 1006 H.
1795 945 1995 1028 Epist.
2021 952 2079 1010 l.

176 1067 239 1108 v.
288 1046 429 1106 173.
487 1043 572 1105 cf.
627 1042 842 1105 Bothii
896 1042 1073 1104 Poet.
1132 1041 1320 1104 Scen.
1378 1040 1522 1104 Lat.
1578 1042 1725 1107 Vol.
1768 1044 1850 1107 V.
1904 1047 1978 1108 P.
2018 1049 2082 1110 2.

175 1166 240 1227 p.
271 1146 376 1206 31.

346 1285 592 1348 Verum
634 1291 851 1346 tamen
863 1328 883 1361 ,
928 1289 1276 1365 utcmnque
1319 1285 1399 1345 de
1424 1282 1476 1343 F
1476 1285 1738 1368 ulgentii
1779 1287 1921 1350 loco
1957 1295 2085 1351 sta-

176 1387 406 1463 tuitur,
478 1383 707 1469 majori
764 1405 911 1445 cum
966 1382 1091 1443 fide
1147 1383 1444 1443 tribuitur
1495 1383 1754 1445 Rabirio
1770 1429 1789 1462 ,
1858 1397 2087 1469 poetae

177 1488 394 1569 epioe,
453 1486 912 1568 fragmentum,
973 1482 1145 1564 quod
1186 1482 1455 1564 legimus
1515 1485 1686 1566 apud
1730 1485 2086 1550 Chai-isium

175 1586 332 1646 Inst.
379 1586 490 1648 Gr.
534 1607 600 1666 p.
641 1584 748 1646 49.
789 1581 862 1642 Ρ.
920 1581 1002 1642 de
1055 1602 1120 1643 v.
1175 1602 1409 1664 margo
1465 1603 1694 1667 genere
1743 1583 2086 1652 feminino&

164 1756 167 1760 ,
175 1684 300 1764 „Et
340 1683 634 1745 Rabirius
676 1680 938 1743 extulitx

261 1818 348 1831 ....
389 1818 477 1830 —
517 1783 756 1844 Idaeos
797 1800 1059 1842 summa
1100 1798 1247 1840 cum
1287 1801 1585 1862 mar-gene
1626 1750 1892 1846 cellesf‘

177 1912 287 1977 sio
317 1913 491 1974 hunc
519 1929 781 1975 versum
823 1908 1054 1986 attulit,
1095 1914 1243 1991 post
1286 1907 1366 1970 Gr.
1396 1908 1455 1972 J.
1485 1909 1784 1974 Vossium
1816 1914 1909 1975 de
1920 1912 2091 1976 Ana-

175 2014 300 2098 log.
327 2011 510 2074 Libr.
537 2011 592 2073 I.
638 2031 696 2072 ο.
725 2011 832 2072 22.
876 2031 943 2092 p.
978 2007 1122 2070 145.
1167 2008 1308 2070 Vol.
1339 2008 1423 2070 H.
1452 2008 1642 2095 Opp.,
1685 2011 1761 2074 N.
1791 2014 2090 2077 Heinsius

177 2115 262 2175 ad
320 2110 533 2175 Ovidii
595 2130 684 2173 ex
738 2109 927 2170 Pont.
982 2107 1161 2169 Libr.
1205 2107 1319 2169 IV·
1373 2109 1494 2193 Ep.
1539 2114 1640 2173 16.
1698 2134 1763 2176 v.
1806 2116 1867 2175 5.
1952 2114 2092 2176 Non

175 2213 388 2295 inepte
420 2211 490 2274 G.
522 2209 816 2272 Bai-thius
849 2209 931 2270 ad
965 2205 1152 2270 Statii
1178 2207 1388 2271 Theb.
1411 2210 1592 2274 Libr.
1610 2212 1695 2274 X.
1740 2234 1804 2276 v.
1835 2210 1985 2277 454.
2028 2237 2091 2278 v.

178 2311 414 2375 extudit
455 2311 808 2394 copulando
849 2315 1062 2371 totum
1103 2329 1365 2372 versum
1406 2312 1720 2394 explevit:
1811 2374 1813 2377 ,

264 2411 527 2474 Eaendit
568 2413 809 2473 Idaeos
850 2431 1110 2471 summa
1152 2431 1303 2471 cum
1342 2411 1638 2491 margine
1676 2413 1888 2475 colles.

179 2540 282 2602 Ex
321 2561 452 2622 quo
486 2538 726 2600 Rabirii
769 2537 1048 2600 carmine
1089 2537 1194 2599 hic
1236 2559 1457 2600 versus
1483 2547 1773 2624 sumptus
1803 2543 1918 2621 sit,
1961 2564 2092 2606 non

180 2641 550 2702 adnotatum
624 2643 878 2720 poterat
936 2638 1269 2700 commode
1311 2639 1525 2700 locum
1566 2640 1803 2703 habere
1844 2643 1912 2704 in
1955 2641 2093 2726 ejus

180 2740 340 2801 bello
380 2737 656 2800 Actiaco
671 2780 695 2813 ,
739 2738 915 2819 quod
958 2735 1367 2821 Spaldingius
1409 2740 1492 2799 ad
1528 2739 1892 2817 Quintiliani
1933 2742 2091 2803 Inst.

180 2838 293 2901 Or.
338 2838 516 2900 Libr.
556 2838 642 2899 X.
686 2858 742 2899 c.
766 2838 824 2899 1.
867 2844 919 2911 §.
947 2836 1055 2898 9⁰.
1100 2837 1238 2899 Vol.
1265 2837 1376 2900 IV.
1417 2861 1484 2920 p.
1506 2841 1609 2902 74.
1645 2861 1769 2923 vper
1810 2863 2093 2904 errorem

180 2938 524 3020 appellavit
582 2937 819 2998 bellwm
871 2934 1266 2998 Achaicam.
1364 2937 1523 3000 Inde
1565 2959 1744 3002 error
1786 2941 1909 3004 iste
1952 2940 2094 3004 sus-

181 3044 403 3119 eeptus
458 3043 554 3114 est
610 3038 691 3099 ab
751 3036 886 3098 aliis
901 3078 923 3114 ‚
990 3055 1156 3117 quos
1213 3038 1450 3102 notavit
1490 3038 1892 3125 Kreyssigius
1905 3086 1926 3121 ,
1979 3042 2092 3124 qui

182 3137 264 3197 ‹le
306 3137 564 3200 Rabirio
623 3137 817 3198 Poeta
874 3135 1070 3197 etiam
1125 3135 1399 3199 conferri
1453 3135 1638 3221 jussit
1678 3141 1866 3203 Ferd.
1909 3141 2092 3203 Win-

182 3235 581 3298 ckelmanni:
621 3233 1085 3314 Philologtsssche
1109 3235 1414 3313 Skae‘zzen,
1457 3238 1526 3299 in
1555 3239 1891 3320 Seebodii‚
1935 3239 2092 3304 Jah-

180 3335 271 3395 nii
312 3341 379 3396 et
418 3335 689 3398 Klotzii:
733 3333 987 3395 Archiv
1009 3335 1084 3416 f
1114 3335 1350 3399 Philol.
1379 3359 1447 3398 u.
1478 3340 1770 3418 Paedag.
1806 3359 1864 3400 a.
1900 3341 2089 3406 1833.

183 3434 321 3495 Vol.
352 3434 436 3495 Π.
478 3434 530 3496 F
533 3455 659 3497 asc.
694 3435 753 3497 4.
802 3457 866 3516 p.
900 3431 1047 3495 564.
1158 3434 1498 3499 Praeterea
1551 3439 1951 3502 Burmannus
2009 3441 2090 3501 ad

181 3530 398 3597 Ovidii
455 3534 500 3597 1.
541 3555 599 3598 c.
653 3555 739 3597 ex
784 3533 1049 3596 Charisii
1104 3532 1263 3598 Inst.
1309 3535 1419 3599 Gr.
1463 3561 1528 3623 p.
1573 3539 1719 3606 188.
1749 3538 1822 3601 Ρ.
1867 3536 2087 3603 affertz

1589 3638 1663 3700 ll
1694 3639 1728 3676 ’κ
