2236 3932
235 159 321 220 96
829 179 910 220 nn
954 180 1014 220 ι.
1042 178 1251 221 viimo
1296 179 1535 221 rom-A.

234 312 316 374 Et
363 312 474 394 qu‘i
530 310 817 396 ejusdem
868 313 1103 376 Poetae
1147 311 1420 374 Satiram
1460 311 1642 373 Libri
1675 310 1731 373 1.
1782 315 2130 376 secundam

235 419 474 481 attento
516 414 855 496 perlegerit
896 413 1107 473 animo
1122 453 1143 487 ,
1197 410 1508 494 intelliget
1521 454 1542 490 ,
1595 433 1856 474 omnem
1907 414 2131 473 matri-

234 510 435 573 monii
491 513 883 573 sanctitatem
898 555 917 587 ,
991 530 1182 590 quam
1232 511 1340 571 vel
1380 511 1605 573 leviter
1644 512 1912 573 violasse
1953 510 2130 572 nefas

237 612 389 673 olim
430 611 771 672 haberetur
785 654 804 687 ,
874 609 1128 668 illorum
1169 611 1587 689 perversitate
1641 617 2001 691 temporum
2042 610 2132 670 ita

233 710 424 772 fuisse
470 710 780 770 sublatam
796 750 816 783 ,
858 712 932 766 ut
973 727 1058 767 ne
1099 707 1472 768 nobilissimi
1515 710 1773 790 quidem
1800 710 1922 772 viri
1953 709 2133 769 adul-

233 811 407 871 teriis
449 809 766 887 vetitoque
808 812 1240 866 matronarum
1283 827 1499 869 amore
1541 809 1978 869 abstinuerint.

404 910 573 969 Haec
642 925 843 985 quum
898 926 1151 966 mecum
1208 911 1470 986 reputo,
1540 928 1673 968 non
1729 909 1919 970 video
1980 906 2133 986 quid

235 1011 471 1084 obstet,
532 1025 657 1086 quo
699 1005 908 1064 minus
950 1005 1219 1066 Plotiam
1261 1026 1514 1086 quoque
1532 1050 1551 1083 ,
1588 1006 1945 1090 ‚ingenuam
1985 1006 2134 1065 licet

235 1109 639 1185 nobilemque
692 1102 1028 1180 feminam,
1104 1123 1285 1164 suam
1343 1106 1673 1166 credamus
1731 1105 2129 1187 prostituisse

234 1205 630 1289 pudicitiam,
696 1204 1071 1284 praesertim
1127 1223 1273 1265 cum
1329 1223 1404 1264 ea
1459 1204 1748 1282 videatur
1790 1204 2131 1279 doctrinae,

237 1326 430 1388 quam
473 1304 635 1365 telae
678 1304 991 1365 amantior
1014 1303 1234 1365 fuisse.
1318 1303 1630 1366 Asconius
1672 1303 1984 1364 Pedianus
1997 1347 2017 1382 ,
2061 1306 2135 1361 ut

235 1405 515 1467 Donatus
548 1403 668 1479 ait,
715 1401 1084 1486 affirmabat,
1127 1404 1333 1484 ipsam
1362 1410 1516 1463 natu
1544 1400 1852 1485 majorem
1875 1419 2136 1463 narrare

237 1505 517 1580 solitam,
579 1501 917 1586 Virgilium
957 1503 1295 1565 invitatum
1338 1523 1476 1564 esse
1518 1523 1555 1563 a
1596 1501 1790 1563 Vario
1836 1502 1918 1562 ad
1960 1522 2137 1562 com-

235 1604 607 1666 munionem
648 1602 774 1678 sui,
818 1622 1043 1664 verum
1070 1602 1564 1682 pertinacissime
1590 1622 1934 1663 recusasse.
1995 1598 2137 1660 Sci-

235 1705 382 1765 licet
437 1702 612 1789 haec.
651 1701 818 1761 dixit
871 1706 1175 1782 patronus
1232 1721 1305 1762 ac
1362 1700 1655 1761 defensor
1699 1693 1981 1784 Virgilii,
2062 1704 2136 1758 ut

239 1822 389 1863 eum
431 1802 509 1861 ab
567 1799 861 1859 adulterii
905 1800 1247 1879 opprobrio
1291 1801 1677 1876 vindicaret,
1735 1815 1936 1880 eaque
1978 1799 2138 1858 hau-

238 1901 320 1961 sit
350 1939 353 1941 -
378 1920 466 1960 ex
524 1919 636 1960 ore
692 1896 978 1982 ejusdem
1033 1900 1312 1959 mulieris
1327 1943 1348 1976 ,
1421 1919 1692 1979 quacum
1751 1899 2138 1959 adulterasse

237 2001 532 2062 clientem
585 1997 753 2058 fama
806 1997 1069 2058 ferebat.
1169 1999 1340 2059 Haeo
1398 1998 1814 2081 interroganti
1867 1995 2137 2057 Asconio

236 2100 514 2161 narravit
554 2097 758 2158 Plotia
798 2098 1011 2159 vetula
1067 2095 1196 2179 jam
1210 2143 1229 2176 ,
1290 2118 1481 2180 quam
1523 2118 1655 2157 non
1699 2096 1999 2157 credibile
2042 2100 2140 2156 est

235 2199 322 2260 ita
390 2218 647 2258 omnem
705 2196 957 2257 exuisse
1014 2199 1356 2277 pudorem,
1432 2203 1503 2256 ut
1568 2197 1948 2257 adulterium
2003 2196 2140 2276 ipsa

242 2296 646 2366 confiteretur
701 2317 906 2362 suum.
1017 2297 1251 2357 Mirum
1308 2297 1531 2377 utique
1579 2296 1868 2376 quemvis
1910 2295 2141 2355 habeat

239 2416 500 2458 necesse
562 2402 660 2457 est
712 2393 1022 2479 ejusmodi
1079 2397 1435 2478 ingenuitas
1491 2401 1557 2456 et
1611 2395 1789 2456 frons
1856 2393 2139 2456 mulieris

240 2497 387 2558 talia
433 2497 512 2557 de
556 2516 626 2557 se
666 2496 1021 2577 maritoque
1062 2495 1407 2570 narrantis!
1465 2494 1550 2555 Et
1591 2494 1858 2554 Varium
1900 2493 1954 2553 si
1997 2512 2142 2575 spe-

245 2602 512 2672 ctamuS,
557 2596 810 2676 qualem
851 2597 1108 2655 tandem
1149 2596 1511 2676 putabimus
1538 2594 1732 2654 fuisse
1758 2593 1969 2654 decori
1995 2612 2141 2652 sen-

244 2715 385 2756 sum
439 2695 532 2771 ei,
606 2695 717 2775 qui
776 2715 955 2755 suam
1010 2716 1279 2756 uxorem
1332 2717 1464 2755 non
1517 2694 1819 2754 dubitarit
1861 2693 2143 2751 subster-

242 2813 397 2869 nere
438 2793 684 2853 libidini
738 2794 893 2854 alius
935 2795 1042 2857 vel
1084 2795 1441 2855 amicissimi
1482 2788 1795 2856 hominis?
1856 2791 2142 2870 Quapro-

246 2899 392 2977 pter
432 2892 604 2954 Varii
643 2893 772 2954 mei
817 2914 1032 2954 caussa
1088 2914 1237 2954 sane
1278 2894 1543 2970 vellem,
1596 2899 1732 2953 tota
1773 2890 2143 2972 propudiosi

246 2993 426 3054 istius
465 2991 763 3053 facinoris
806 2985 1080 3055 narratio
1124 2993 1517 3055 sublestioris
1559 3012 1718 3055 voce
1760 2989 1936 3050 testis
1978 2988 2145 3048 nite-

248 3099 461 3171 retur,
506 3111 697 3172 quam
736 3091 1011 3153 Asconii.
1096 3093 1183 3154 At
1224 3113 1380 3156 vero
1408 3092 1715 3153 Asconius
1753 3090 1808 3149 is
1840 3095 1969 3165 est,
2015 3108 2143 3167 quo

249 3193 399 3253 satis
426 3198 595 3254 certo
623 3196 874 3253 auctore
917 3197 1149 3253 steturz'
1194 3198 1330 3254 erat
1358 3192 1530 3253 enim
1564 3190 1821 3250 illorum
1847 3188 2142 3269 aequaliS,
2229 3251 2231 3254 ,

250 3451 492 3514 legitimae
547 3452 720 3501 uxoris
763 3450 1018 3513 imaginem
1075 3450 1117 3500 si
1166 3451 1272 3512 quis
1307 3457 1495 3512 ,attente
1522 3483 1526 3485 -
1553 3448 1844 3509 inspexerit,
1901 3442 2142 3505 fatebitur,

251 3520 459 3572 Plotiam
476 3559 492 3586 ‚
541 3521 605 3572 L.
631 3521 775 3574 Varii
808 3539 1035 3585 uxorem,
1081 3523 1352 3573 excusatius
1386 3521 1538 3573 videri
1573 3535 1794 3583 peccasse
1829 3519 1879 3565 in
1913 3513 2144 3577 Virgilio,
2203 3550 2205 3552 .

254 3596 412 3645 mariti
447 3596 623 3646 amico!
