2236 3932
723 199 806 241 nr.
850 199 910 239 1..
952 198 1160 240 vinno
1205 199 1445 241 POETA.
1944 182 2025 244 85

133 336 306 401 edita
356 356 491 397 non
546 334 911 398 Scholiasfis
924 377 946 411 ,
1015 333 1130 416 qui
1171 330 1322 397 'rem
1377 353 1598 407 veram
1660 338 2029 416 retulerunt,

132 457 326 517 quam
366 435 536 497 Viris
577 434 795 495 Doctis
837 434 1224 511 adscribam,
1279 434 1391 515 qui
1432 432 1596 495 facta
1639 438 2029 519 cognominis

131 535 487 620 tragoediae
540 533 860 593 mentione
915 539 982 594 et
1035 532 1304 594 solemni
1343 533 1675 595 nominum
1723 535 1924 599 Varii
1965 543 2032 597 et

137 634 311 697 Vari
348 631 713 696 confusione
736 632 807 691 in
828 629 1119 694 fraudem
1149 631 1391 694 inducti
1413 632 1536 718 ipsi
1561 634 1753 694 totius
1778 634 2030 696 fabulae

128 738 427 801 auctores,
457 730 691 792 fuerint
732 735 939 812 atque
968 733 1203 794 erroris
1243 738 1713 817 propagatores-

977 910 1031 979 §-
1078 904 1182 967 14.

296 1043 426 1107 Sed
466 1042 730 1105 fuerunt
770 1043 962 1108 etiam
1003 1046 1114 1128 qui
1153 1045 1233 1109 L.
1270 1045 1441 1109 Varii
1484 1047 1834 1128 Thyestem
1875 1068 1915 1110 a
1955 1048 2025 1108 P.

124 1144 388 1227 Virgilio
444 1144 706 1230 Marone
766 1145 1064 1226 scriptam
1111 1147 1412 1208 dicerent.
1496 1146 1676 1208 Inter
1719 1154 1911 1210 testes
1954 1169 2029 1210 ea

124 1245 206 1305 ‹le
246 1264 318 1305 re
361 1244 708 1305 audiendos
750 1244 1029 1325 primum
1072 1246 1284 1307 locum
1325 1244 1557 1307 merito
1590 1254 1857 1330 occupat
1896 1248 2029 1309 Do-
2154 1295 2156 1298 -

121 1350 339 1421 natus,
383 1343 494 1425 qui
536 1343 606 1404 in
648 1342 779 1403 Vit.
824 1342 1073 1427 Virgilii
1116 1364 1171 1406 c.
1198 1344 1345 1405 XX.
1388 1353 1438 1418 §.
1467 1345 1606 1423 81.,
1664 1346 1776 1407 ubi
1814 1346 2058 1409 Maro-'

123 1443 223 1504 nis
297 1443 574 1504 carmina
644 1448 971 1518 recenset,
1044 1484 1094 1516 „
1105 1442 1422 1522 Quamvis
1489 1442 1731 1522 igitur,
1802 1446 2027 1527 inquit,

121 1542 333 1603 multa
373 1546 813 1620 ψευδεπιγραφῆ
827 1583 844 1607 ,
887 1539 967 1601 id
1002 1550 1131 1616 est,
1157 1541 1364 1622 falsa
1405 1541 1866 1626 inscriptione,
1910 1547 2029 1607 sub

121 1640 335 1700 alieno
375 1638 640 1700 nomine
681 1649 837 1700 sunt
873 1640 1146 1722 prolata
1159 1683 1183 1716 ,
1227 1650 1304 1702 ut
1339 1642 1644 1724 fflyestes
1683 1644 2028 1723 tragoedia

118 1739 323 1817 huius>
367 1750 633 1822 poetae,
706 1760 907 1821 quam
970 1739 1221 1803 Varius
1289 1741 1495 1803 edidit
1539 1763 1672 1826 pro
1725 1765 1852 1805 sua
1867 1788 1891 1820 ,
1967 1754 2029 1805 et

118 1838 262 1900 alia
302 1837 786 1917 hujuscemodi,
846 1848 1068 1900 tamen
1107 1839 1422 1901 Bucolica
1465 1841 1710 1925 liquido
1759 1843 2030 1922 Virgilii
2085 1842 2089 1852 ”

118 1944 255 1999 esse
293 1937 557 1999 minime
590 1937 1030 2001 dubitandum
1072 1945 1243 2000 est.“
1338 1941 1504 2019 Iste,
1560 1962 1757 2024 quem
1797 1943 1902 2004 hic
1946 1945 2026 2005 ‹le

119 2038 405 2117 Thyeste
477 2039 803 2122 tragoedia
857 2039 1065 2123 tetigit
1111 2039 1397 2101 Donatus
1410 2085 1432 2119 ,
1490 2061 1717 2104 rumor
1770 2043 2027 2105 videtur

116 2136 308 2199 fidem
348 2138 669 2200 invenisse
711 2140 882 2220 apud
925 2160 1076 2201 eum
1091 2183 1111 2217 ,
1162 2140 1271 2221 qui
1314 2139 1639 2203 Servianis
1684 2144 1767 2203 ad
1806 2143 2023 2227 Virgfl.

116 2237 331 2322 Eclog.
374 2237 486 2299 VI.
545 2258 610 2301 v.
652 2239 715 2299 3.
774 2239 992 2314 „Cum
1043 2260 1340 2301 ccmerem
1393 2261 1573 2319 reges
1616 2252 1678 2303 et
1708 2242 2028 2326 praelia“

117 2336 274 2399 haec
304 2335 564 2419 adjecit:
608 2338 812 2413 „Alii
845 2340 1122 2420 Scyllam
1154 2360 1301 2400 eam
1342 2339 1440 2421 (n.
1460 2339 1827 2425 Virgilium)
1864 2341 2026 2403 scri-

118 2436 262 2497 bere
301 2436 580 2519 coepisse
638 2437 900 2499 dimmt:
970 2436 1046 2499 in
1104 2460 1227 2522 quo
1260 2437 1440 2529 'libro
1480 2439 1639 2502 Nisi
1676 2451 1738 2502 et
1781 2441 2026 2503 Minois

117 2534 290 2614 regis
337 2536 733 2599 Cretensium
773 2536 1005 2599 bellum
1047 2537 1438 2599 describebat
1448 2562 1470 2612 ,·
1547 2539 1672 2601 ali-i
1723 2541 1804 2605 de
1845 2540 2025 2602 bellis

116 2634 410 2696 civilibus
479 2636 737 2711 dicunt‚·
820 2635 946 2697 alii
1008 2638 1089 2697 de
1151 2637 1502 2717 tragoedia
1582 2640 1856 2721 Thyeste
1876 2640 2024 2721 ⁷⁰).“

118 2732 425 2797 Omnium
465 2735 747 2798 maxime
789 2735 908 2798 ha'c
969 2736 1039 2797 in
1084 2757 1303 2800 caussa
1359 2739 1643 2801 animmn
1685 2741 2023 2802 advertunt

115 2841 404 2897 nostrum
458 2856 534 2897 ea
551 2880 568 2912 ,
645 2855 806 2917 quae
864 2834 1126 2898 Servius
1181 2837 1263 2898 ad
1321 2837 1570 2923 Virgilii
1639 2837 1854 2923 Eclog.
1902 2837 2024 2900 III.

115 2955 180 2996 v.
223 2938 327 2997 20.
386 2979 435 3011 „
448 2934 705 3016 Tityre,
762 2956 912 3018 coge
952 2956 1156 3019 pecus
1166 2958 1188 3011 3
1248 2947 1323 2998 tu
1354 2947 1514 3020 post
1554 2950 1814 2999 carecta
1858 2939 2020 2998 late-

118 3032 284 3095 (κτείς
327 3035 607 3116 scripsit:
671 3034 914 3111 „Sane'
938 3034 1062 3096 hoc
1103 3036 1240 3098 loco
1299 3035 1572 3119 quidam
1613 3039 2022 3122 superfluam

114 3134 343 3194 volunt
372 3156 508 3195 esse
532 3133 934 3214 allegoriam,
969 3134 1251 3197 dicentes
1277 3157 1414 3196 rem
1442 3158 1767 3219 nusquam
1790 3138 2019 3196 lectam

118 3231 200 3292 de
247 3232 549 3313 Virgilio.
633 3233 848 3311 Aiunt
890 3233 1062 3296 enim
1103 3234 1257 3297 hoc:
1309 3237 1382 3301 V
1372 3236 1561 3298 arius
1571 3280 1595 3312 ,
1640 3235 2018 3315 tragoedia-

351 3397 463 3405 —Q

260 3493 350 3545 70)
390 3486 484 3539 Pro
518 3490 651 3554 vulg.
670 3508 686 3541 ς
733 3490 826 3541 alfa·
859 3489 923 3542 de
956 3487 1218 3555 tragoedia
1258 3491 1488 3559 Thyestis
1503 3526 1519 3552 ,
1568 3492 1760 3555 reposui
1812 3494 2018 3543 certissi-

113 3575 242 3609 mam
293 3559 486 3610 Heinsii
553 3565 929 3613 correctionem:
1000 3564 1226 3631 Thyeste.
1327 3565 1585 3616 Caeterum
1630 3564 1773 3615 verba
1814 3563 2019 3630 Virgilii

116 3631 357 3694 quomodo
395 3634 619 3697 capienda
654 3636 777 3697 sint,
826 3634 967 3687 docui
1000 3638 1052 3687 in
1084 3636 1293 3688 Excurs.
1319 3635 1413 3687 111.
