2236 3932
854 225 1195 271 Excusso-s
1238 226 1334 267 w.
1896 203 2026 266 '173

133 369 243 431 illo
297 369 506 431 adhuc
532 397 534 400 >
561 374 848 449 tempore
903 364 1141 428 Accius
1154 371 1173 406 -”
1187 369 1262 425 et·
1301 356 1613 423 Pacuvius
1660 361 1739 421 in
1791 361 2031 424 deliciis

133 477 332 532 erant.
445 468 627 528 Unde
675 472 746 527 et
796 466 1032 525 Auctor
1084 465 1166 525 de
1214 460 1453 524 ‘caussis
1500 465 1841 542 corruptae
1896 463 2032 523 elo-

132 569 426 649 quentiae
468 568 556 646 (o.
586 566 662 627 21
673 566 722 643 .)
766 564 962 626 Asinii
1003 563 1314 625 Pollionis
1347 561 1696 646 tragoedias
1706 597 1738 638 ,-
1790 567 1865 620 ut
1917 581 2034 623 ve-

133 676 313 728 terno
355 665 533 727 Accii
585 664 842 745 plenas,
897 663 1320 745 reprehendit.
1405 660 1726 722 Exemere
1761 659 2035 721 §demum

133 773 334 826 totam
389 765 555 824 hanc
618 763 844 823 animis
911 765 1170 823 nubem.
1196 760 1603 823 Neronianis·
1642 759 2034 841 temporibus

131 863 515 945 Pomponius
569 861 902 925 Secundus
958 869 1022 923 et
1063 862 1367 922 'Annaeus
1411 860 1725 936 Seneca.“
1790 859 2035 920 xUtilior

132 972 201 1025 et
239 963 455 1025 verior
505 969 604 1024 est
644 960 919 1044 Bentleii
958 963 1050 1024 de
1106 960 1443 1022 Trimetris
1488 957 1759 1021 Gracchi
1785 1011 1787 1013 .
1813 959 2036 1019 obser·-

109 1064 336 1140 ·vatio,
391 1083 520 1145 qua
563 1062 753 1123 simul
793 1063 1100 1144 probatur
1110 1091 1148 1138 ‚·
1186 1080 1340 1122 eum
1392 1058 1588 1120 fuisse
1624 1056 1710 1119 L.
1748 1056 1927 1139 Varii
1965 1056 2034 1118 in

133 1164 519 1226 Graecorum
574 1168 710 1223 arte
762 1161 1081 1223 aemulum
1122 1165 1189 1222 et
1230 1158 1591 1240 aequalem,
1657 1163 1725 1218 et
1763 1155 2035 1220 'dubitari

132 1283 264 1324 non
303 1269 550 1345 potest
569 1262 723 1344 quin
765 1260 1031 1324 Ovidius
1073 1259 1340 1321 Varium
1396 1262 1463 1318 et
1506 1255 1883 1319 Gracchum
1903 1275 2033 1319 non

133 1369 264 1424 tam
320 1369 578 1445 propter
635 1361 1073 1445 cognominem
1088 1404 1110 1438 ,
1181 1377 1372 1440 quam
1413 1362 1688 1437 uterque
1731 1356 2034 1434 ediderat,

133 1464 560 1547 tragoediam,
629 1482 823 1543 quam
879 1461 965 1522 ob
1019 1477 1286 1542 ingemi,
1350 1456 1539 1533 artis
1565 1461 1631 1517 et
1686 1453 2035 1517 carminum

133 1562 584 1644 praestantiam
639 1557 1029 1642 conjunctim
1085 1554 1707 1619 commemoraverit.
1807 1551 2037 1615 Videat

132 1662 323 1746 igitur
359 1661 787 1722 Heerkensius
801 1704 823 1738 ,
868 1679 995 1742 quo
1018 1654 1159 1741 jure
1188 1654 1579 1733 Gracchum,
1621 1656 1877 1736 poetam
1905 1658 2039 1713 tra-

132 1763 342 1845 gicum
354 1806 375 1839 ,
446 1761 860 1845 appellaverit
911 1752 1281 1821 illaudatum
1332 1755 1404 1817 in
1453 1751 1729 1817 Praefat.
1772 1752 1853 1815 ad
1894 1751 2038 1814 Ico-

85 1870 97 1877 “
136 1883 250 1922 nes
291 1884 356 1944 p.
385 1863 490 1923 80.

309 1960 650 2043 Superest,
691 1967 763 2023 ut
806 1962 887 2023 de
929 1961 1204 2022 Proculo
1245 1957 1571 2023 videamus
1586 2000 1606 2034 ,
1652 1974 1845 2038 quem
1884 1952 2041 2017 Ovi-

137 2062 279 2123 dius
338 2062 488 2122 dicit
550 2062 742 2123 molle
803 2061 1169 2123 Callimachi
1233 2060 1354 2121 iter
1404 2056 1702 2119 tenuisse.
1815 2053 2039 2116 Plures

6 2235 11 2238 ¹
134 2162 536 2223 celebrantur
576 2162 645 2222 in
672 2160 934 2223 historia
957 2158 1255 2236 Proculi,
1301 2161 1378 2220 de
1422 2158 1648 2240 quibus
1677 2155 1805 2238 egit
1828 2155 2042 2216 Func-

136 2262 270 2322 cius
316 2263 378 2322 d.
421 2261 675 2322 Immin.
720 2260 798 2322 L.
842 2259 921 2323 L.
967 2259 1218 2322 Senect.
1262 2257 1416 2340 Cap.
1448 2256 1615 2319 vm.
1657 2277 1723 2337 p.
1750 2255 1934 2332 460„
1979 2259 2044 2314 et

139 2360 491 2422 Kordesius
526 2361 607 2421 ad
633 2359 1012 2422 Eberhardti
1047 2361 1188 2421 libr.
1230 2358 1432 2421 Ueber
1474 2357 1540 2418 d.
1584 2358 1766 2417 Zust.
1811 2355 1876 2415 d.
1907 2353 2041 2416 sch.

138 2461 227 2527 W
221 2459 524 2521 issemch.
554 2460 611 2520 ὀ.
642 2462 707 2521 d.
733 2462 1027 2522 Ro‘nwrn
1049 2468 1101 2535 §.
1122 2458 1224 2521 54.
1252 2481 1318 2542 p.
1340 2457 1487 2520 297.
1504 2477 1644 2538 sqq.
1688 2460 1821 2516 tres
1848 2450 2041 2536 hujus

135 2559 412 2620 nominis
468 2565 685 2642 poetas
744 2559 1218 2645 distinguendos
1276 2578 1413 2620 esse
1472 2558 1679 2618 docet.
1786 2553 2044 2616 Praeter

134 2659 487 2720 Proculum
544 2657 756 2722 Ovidii
810 2660 971 2721 alius
1035 2665 1133 2720 est
1146 2701 1168 2736 ,
1244 2659 1349 2719 cui
1404 2656 1644 2718 Plinius
1699 2651 1879 2714 Libr.
1921 2651 2040 2714 III.

134 2757 483 2840 Epistolam
530 2756 632 2821 15.
699 2759 1049 2842 inscripsit,
1125 2764 1191 2820 et
1250 2758 1444 2820 alium
1510 2757 1873 2818 memorant
1936 2751 2044 2813 Si·-

137 2858 364 2919 donius
420 2857 600 2919 Libr.
638 2858 776 2920 XV.
829 2857 1028 2941 Epist.
1078 2857 1181 2920 15.
1236 2858 1378 2920 Vol.
1416 2856 1471 2920 I.
1524 2878 1590 2940 p.
1632 2853 1780 2917 657.
1825 2851 2044 2929 Sirm.,

136 2964 204 3018 et
259 2956 583 3019 Ennodius
639 2957 818 3019 Libr.
860 2957 917 3019 I.
975 2979 1031 3020 c.
1082 2959 1144 3019 3.
1200 2979 1264 3040 p.
1316 2957 1505 3019 1093.
1607 2955 1706 3016 De
1766 2951 2046 3016 Proculo

135 3056 321 3116 Plinii
363 3057 608 3139 scripsit
662 3058 789 3121 Jul.
833 3058 1094 3119 Heldius
1145 3057 1215 3118 in
1256 3056 1403 3119 libr.
1457 3055 1663 3119 Ueber
1706 3053 1771 3115 cl.
1817 3051 1904 3118 W
1901 3049 2047 3110 erth

137 3156 255 3215 der
310 3155 880 3237 Brae‘efisammlung
948 3158 1014 3219 d.
1070 3158 1126 3237 1⁰.
1181 3155 1457 3219 Plinius.
1528 3153 1760 3237 (Bresl.
1822 3147 2045 3229 1833.)

136 3276 200 3335 p.
248 3255 351 3315 32.
389 3277 484 3336 sq.
585 3257 929 3319 Proculum
991 3254 1376 3320 Ovidianum
1429 3255 1623 3318 fuisse
1680 3254 1937 3334 poetam
1980 3253 2046 3309 et

137 3374 207 3414 se
251 3356 329 3414 ad
378 3355 743 3417 Callimachi
784 3356 1201 3418 imitationem
1244 3356 1673 3439 composuisse
1731 3348 1883 3409 satis
1933 3347 2048 3408 de-

142 3453 386 3514 clarant
445 3474 549 3516 vv.
606 3458 799 3516 molle
839 3489 927 3501 —-
966 3454 1091 3516 ‘iter
1138 3453 1525 3520 Callimachi
1534 3478 1555 3515 .·
1612 3450 1760 3516 vide
1819 3445 2048 3510 Santo-

139 3553 320 3614 nium
376 3554 454 3615 ad
514 3553 971 3618 Terentianum
1029 3555 1117 3619 M.
1176 3577 1243 3639 p.
1291 3555 1443 3618 317.
1499 3554 1607 3618 ed.
1644 3536 1938 3632 Len‘mep.
1982 3551 2049 3610 et
