2236 3932
199 117 324 180 122
785 139 868 180 nr:
913 139 973 180 ι.
1001 138 1210 182 uiuo
1255 133 1495 181 ron-m.

192 273 383 337 Ever.
443 272 597 336 Otto
656 275 699 338 l.
742 295 798 336 c.
843 273 996 356 Cap.
1027 273 1079 335 Ι.
1124 281 1176 346 §.
1221 273 1283 334 3.
1327 295 1392 354 p.
1442 273 1627 335 1636.
1682 279 1902 334 natum
1955 294 2093 337 esse

197 372 543 453 suspicatur
598 373 847 434 circiter
901 393 957 433 a.
997 373 1073 432 U.
1119 370 1190 431 C.
1227 372 1376 438 668.
1475 371 1616 434 Jam
1658 373 1712 434 si
1752 373 1957 449 idem,
2023 380 2095 433 ut
2195 363 2205 370 ’

193 470 385 535 Ever.
421 471 575 535 Otto
617 473 660 534 l.
695 492 751 532 e.
797 469 946 550 Cap.
976 469 1092 528 XI.
1135 477 1186 542 §.
1218 471 1280 531 6.
1324 493 1385 552 p.
1423 473 1610 534 1686.
1654 470 1886 547 statuit,
1929 491 2097 532 anno

195 571 271 632 U.
315 570 384 632 C.
429 568 576 631 755.
629 569 864 630 Consul
920 565 1214 629 suffectus
1266 576 1431 648 erat,
1505 570 1941 653 octogenarius
1985 571 2099 630 de-

127 687 130 689 ‘
197 691 375 732 mum
420 689 621 730 senex
663 669 743 727 ad
783 667 961 727 illam
1005 667 1375 749 dignitatem
1416 678 1670 732 evectus
1713 668 1954 729 fuisset.
2024 668 2101 728 Id

197 790 347 831 cum
398 769 534 830 veri
589 787 720 826 non
778 766 982 826 simile
1042 767 1209 827 dicat
1267 768 1594 830 Zimmern
1646 770 1716 829 in
1764 767 1991 829 Geso-h.
2035 767 2102 826 d.

197 871 394 930 Ro’m.
438 863 879 925 Privati-echis
932 864 983 924 I.
1035 866 1092 925 1.
1135 873 1186 939 §.
1219 867 1326 926 79.
1368 889 1432 948 p.
1462 866 1610 929 295.
1656 866 1733 928 N.
1765 868 1908 943 26„
1966 861 2103 947 ejus

196 966 394 1026 filium
454 964 746 1044 opinatur
803 962 1145 1024 Consulem
1203 963 1420 1026 fuisse.
1519 967 1698 1028 Mera
1748 962 2106 1048 conjectura
2219 969 2224 982 ¹

196 1084 394 1146 eaque
454 1063 800 1123 admodum
851 1062 1313 1144 improbabilis!
1385 1060 1528 1142 Non
1583 1072 1680 1126 est
1736 1063 1926 1149 hujus
1980 1063 2108 1125 loci
2199 1057 2202 1060 ”

199 1167 490 1225 accurate
533 1162 793 1239 docere,
839 1183 1032 1243 quam
1075 1169 1321 1225 temere
1362 1164 1574 1225 neseio
1620 1165 1827 1226 dicam
1868 1185 1951 1225 an
1994 1183 2108 1225 cu-

195 1263 346 1344 pide
363 1267 369 1272 “
389 1266 678 1324 versatus
722 1261 801 1321 sit
842 1261 1034 1324 Ever.
1077 1261 1228 1325 Otto
1282 1263 1352 1323 in
1394 1263 1676 1325 eruendo
1721 1262 2109 1338 definiendo-

196 1381 323 1443 que
383 1381 551 1422 anno
564 1403 586 1437 ,
652 1382 780 1442 quo
839 1361 947 1422 ille
1006 1362 1176 1423 Ictus
1232 1371 1418 1423 natus
1476 1363 1578 1423 sit.
1682 1361 2000 1443 Equidem
2040 1361 2111 1421 in

199 1459 586 1523 Lectionum
649 1459 722 1522 V
711 1459 1142 1522 ena-simarum
1196 1462 1367 1524 Part.
1395 1462 1480 1522 ΙΙ.
1525 1470 1578 1536 §.
1612 1461 1674 1523 5.
1717 1460 1962 1524 idoneis
2004 1480 2112 1521 ra-

198 1560 482 1623 tionibus
524 1559 788 1640 planum
825 1558 1052 1622 fecisse
1093 1562 1252 1622 mihi
1293 1563 1553 1639 videor,
1611 1564 1686 1622 P.
1729 1559 2114 1643 Alphenum

208 1645 469 1726 Varum
525 1658 732 1719 lotum
783 1658 954 1720 vitae
1012 1661 1194 1721 annis
1238 1682 1572 1743 supparem
1613 1661 1809 1722 fuisse
1851 1659 2112 1742 Virgilio

205 1766 269 1822 et
325 1757 610 1820 Horatio.
655 1788 743 1801 —-
797 1755 1248 1841 Progredimur
1303 1762 1387 1821 ad
1452 1761 1607 1822 alios
1675 1760 1840 1820 illius
1896 1758 2116 1819 aetatis

208 1859 280 1923 V
270 1879 446 1919 ανοε.
532 1855 676 1918 Non
718 1856 917 1938 magis
962 1865 1200 1919 eertum
1243 1866 1370 1936 est,
1415 1861 1555 1941 quis
1597 1858 1790 1920 fuerit
1818 1858 1928 1919 ille
1976 1857 2048 1919 V
2038 1878 2117 1916 α-

200 1981 351 2037 νιιε,
425 1958 506 2019 de
550 1977 680 2037 quo
725 1954 1027 2038 Virgilius
1070 1957 1291 2042 Eclog.
1324 1958 1430 2020 VI.
1475 1981 1535 2022 v.
1571 1961 1635 2021 6.

169 2108 180 2122 ,
286 2059 482 2123 ,Nunc
536 2076 651 2135 ego
679 2089 763 2100 —
789 2077 1070 2140 namque
1105 2079 1303 2140 super
1332 2057 1454 2119 tibi
1489 2045 1720 2134 erant,¹
1746 2055 1862 2141 qui
1902 2055 2118 2117 dicere

1206 2212 1208 2214 ,
1255 2158 1509 2233 laude-5⁸,

301 2257 374 2322 V
363 2277 479 2318 are
493 2300 515 2331 ,
559 2265 716 2316 tuas
758 2249 1031 2336 cupiant
1071 2265 1134 2317 et
1174 2255 1400 2317 tristia
1442 2257 1717 2318 condere
1757 2257 1926 2316 bella
1967 2291 2052 2299 ——

292 2355 643 2435 Agr-estem
682 2353 869 2416 tenui
897 2354 1256 2416 meditabor
1297 2356 1628 2422 arundine
1667 2360 1955 2417 Musam.

295 2456 452 2519 Non
495 2453 754 2533 injussa
796 2475 986 2516 cano.
1072 2454 1148 2515 Si
1201 2455 1346 2538 quis
1387 2466 1610 2516 tamen
1651 2456 1811 2517 haec
1853 2475 2120 2538 quoque,

1257 2553 1322 2616 si
1369 2554 1511 2637 qui-3

291 2656 558 2736 *Captus
600 2674 823 2714 amore
865 2655 1064 2732 leget.-
1100 2664 1165 2715 te
1205 2665 1514 2730 nostrae,
1565 2655 1637 2720 V
1628 2676 1745 2715 are
1754 2696 1778 2728 ,
1820 2650 2121 2733 myricae,

309 2757 404 2816 Te
473 2774 704 2813 nemus
791 2774 976 2814 omne
1046 2765 1237 2816 canet
1251 2777 1273 2829 ,-
1361 2776 1479 2815 nec
1546 2753 1800 2815 Phoebo
1864 2749 2125 2830 gratior

1255 2855 1397 2914 ulla
1440 2862 1558 2927 est,

315 2953 532 3033 Quam
571 2950 698 3014 sibi
733 2973 899 3034 quae
934 2951 1107 3016 Vari
1133 2951 1564 3035 praesmpsit
1588 2951 1845 3034 pagina
1871 2971 2124 3011 nomen.

218 3053 300 3114 In
343 3052 557 3115 Servii
612 3052 1061 3113 commentario
1121 3054 1201 3112 ad
1243 3052 1308 3112 h.
1351 3053 1396 3113 l.
1439 3053 1543 3114 hie
1593 3052 1815 3115 Varus
1856 3050 2128 3110 traditur

223 3152 589 3214 Germanos,
635 3150 864 3214 vicisse
922 3156 988 3210 et
1046 3151 1281 3212 exinde
1344 3152 1691 3213 maximam
1747 3155 1814 3210 et
1869 3149 2128 3232 gloriam

217 3261 285 3314 et
331 3251 670 3334 peoimiam
714 3256 1084 3312 consecutus
1127 3271 1287 3313 esse.
1386 3251 1626 3327 Quibus
1667 3249 1850 3332 nugis
1891 3247 2128 3307 ibidem

221 3357 510 3418 assutum
567 3349 863 3433 legimuS,
935 3350 1014 3408 ab
1085 3351 1222 3412 aliis
1294 3350 1560 3432 intelligi
1626 3369 1774 3410 eum
1849 3347 1921 3410 V
1911 3366 2126 3418 aram,

226 3449 339 3531 qui
394 3450 461 3509 in
519 3447 860 3511 Germania
919 3469 1065 3509 eum
1121 3450 1326 3510 tribus
1378 3449 1731 3532 legionibus
1797 3444 2127 3519 interierit,

226 3550 308 3618 ab
365 3549 506 3615 aliis
565 3555 788 3618 contra
843 3546 1220 3632 Alphemtm
1281 3550 1538 3613 Varum
1549 3591 1574 3624 ,
1647 3548 1922 3630 legatum
1989 3542 2130 3603 fuso
