2236 3932
170 96 256 157 38
760 114 844 152 nn
890 114 947 153 ι.
994 114 1200 156 VARIO
1247 113 1500 162 POETA..

170 249 687 335 persequendum
743 249 814 311 in
871 247 1054 317 Sext.
1110 245 1399 332 Pompeii
1455 253 1658 322 castra-
1721 247 2075 309 transierat.

170 345 375 433 Hujus
429 349 626 430 igitur
681 349 867 412 amici
922 348 1272 409 fortitudini
1336 353 1404 412 et
1442 349 1718 409 militiae
1782 349 2077 409 Horatius

173 470 365 511 suum
389 448 668 510 reditum
695 449 896 511 veluti
918 447 1135 531 fugam
1163 445 1388 510 festive
1417 449 1682 576 opponit
1707 453 1771 509 et
1816 447 2079 567 pulchre

174 548 398 610 scribit
438 568 500 609 v.
535 548 636 608 13.

374 647 501 707 Sed
539 666 641 706 me
672 666 799 727 per
840 646 1054 704 hostes
1092 643 1460 706 Mercurius
1502 647 1662 706 celer

375 746 610 808 Denso
636 751 982 826 paventem
1025 740 1292 807 sustulit
1334 745 1486 804 ae're
1501 767 1526 804 ε

485 846 583 904 Τεμ
617 862 850 901 rursus
892 839 967 901 in
1009 840 1240 901 bellum
1281 843 1611 907 resorbens

588 941 780 1002 Unda
803 938 1019 1021 fret-is
1058 939 1213 1002 tulit
1255 941 1594 1004 aestuosis.

78 1030 80 1034 ’
178 1043 415 1125 Sospes
460 1040 633 1102 enim
681 1045 750 1100 et
790 1040 870 1100 ab
913 1039 1201 1101 hostibus
1243 1041 1578 1103 inviolatus
1621 1042 1891 1107 Romam
1934 1064 2084 1107 eva-

176 1150 347 1205 serat
391 1141 597 1213 otium
639 1143 987 1200 secuturus.
1071 1138 1201 1210 Ista
1241 1139 1432 1222 igitur
1450 1186 1456 1192 .
1471 1140 1619 1226 fuga
1658 1146 1921 1205 minime
1951 1151 2086 1204 tur.

176 1244 277 1326 pis
318 1241 548 1302 fuerat.
648 1238 869 1319 Neque
929 1239 1123 1300 etiam
1165 1245 1302 1300 erat
1360 1243 1532 1321 quod
1574 1243 1787 1324 ipsum
1827 1245 2084 1306 relictae

177 1341 505 1426 parmulae
561 1340 861 1422 puderet,
921 1359 1069 1400 cum
1127 1360 1270 1400 eam
1312 1362 1444 1402 non
1487 1362 1575 1403 ex
1616 1342 1865 1426 ignavia
1881 1387 1901 1420 ‚
1973 1345 2086 1405 sed

177 1440 477 1524 prudenti
534 1441 758 1500 ductus
813 1440 1077 1500 consilio
1128 1437 1481 1522 abjecisset.
1569 1441 1832 1503 Minime
1873 1443 2086 1526 igitur,

177 1548 250 1603 ut
288 1541 449 1602 mihi
490 1540 750 1620 quidem
790 1539 1072 1615 videtur,
1127 1559 1268 1602 rem
1312 1541 1392 1600 de
1426 1537 1672 1621 abjecto
1718 1549 1892 1604 scuto
1931 1564 2088 1606 con-

178 1639 363 1702 finxit
403 1626 634 1712 Poeta3
706 1643 769 1698 at
826 1657 903 1698 ea
948 1638 1169 1719 utique
1211 1646 1425 1701 mente
1470 1661 1614 1702 eam
1655 1642 1761 1703 hio
1805 1663 2088 1724 comme,-

178 1739 489 1815 moravit,
541 1743 610 1799 ut
650 1737 955 1797 Alcaeum
997 1744 1065 1798 et
1104 1738 1556 1803 Archilochum
1607 1739 1786 1802 factis
1830 1763 2089 1824 quoque

177 1841 458 1911 imitatus
490 1856 660 1909 „esse
711 1836 1040 1899 videretur
1055 1837 1150 1916 ³¹).
1263 1837 1449 1901 Istius
1515 1839 1704 1922 fugae
1771 1863 1903 1903 non
1969 1857 2092 1924 pu-

180 1941 424 2002 dendae
477 1937 713 2001 iterum
766 1937 1159 1999 mentionem
1211 1936 1365 1999 facit
1413 1938 1596 2001 Libri
1638 1939 1723 2003 Π.
1779 1940 1979 2027 Epist.
2024 1945 2089 2006 2.

180 2062 245 2105 v.
282 2040 391 2101 49.

276 2138 459 2202 Unde
500 2136 702 2200 simul
730 2135 1030 2219 primum
1067 2159 1170 2199 me
1211 2136 1514 2199 dimisere
1552 2139 1871 2224 Philippi,

265 2236 522 2304 Deeisz's
563 2235 871 2298 humilem
903 2236 1144 2319 pennis
1158 2280 1181 2313 ‚
1224 2236 1605 2320 inopemque
1635 2241 1904 2321 paterni

267 2339 356 2401 Et
399 2336 564 2399 lteris
608 2346 670 2397 et
694 2335 952 2418 fundi,
987 2348 1360 2420 paupertas
1400 2336 1665 2420 ¹impulit
1707 2341 1966 2417 audax,

280 2439 364 2502 Ut
408 2459 634 2499 versus
657 2437 985 2519 facerem.

183 2537 455 2600 Romam
497 2537 748 2601 videtur
791 2535 1159 2618 pervenisse
1203 2556 1370 2597 anno
1414 2537 1490 2598 U.
1521 2535 1591 2600 C.
1619 2539 1768 2601 713.
1811 2539 2091 2619 ineunte,

185 2637 299 2699 ubi
313 2681 332 2714 ,
393 2657 538 2698 cum
580 2643 830 2718 patrem
883 2637 1014 2698 vita
1066 2635 1434 2698 defunctum
1475 2637 1819 2702 invenisset
1860 2640 2095 2721 spolia-

186 2744 449 2817 tumque
507 2757 623 2817 per
676 2737 831 2797 belli
889 2735 1089 2797 civilis
1148 2737 1530 2798 calamitates
1592 2758 1808 2800 macro
1865 2740 2092 2822 age110‚

188 2857 385 2918 quem
449 2835 758 2897 Venusiae
818 2837 1158 2916 reliquerat
1216 2856 1272 2896 a.
1317 2836 1391 2897 U.
1439 2836 1508 2898 G.
1548 2839 1697 2898 696.
1758 2858 1906 2899 cum
1966 2839 2095 2900 filio

190 2935 482 3018 septenni
539 2935 811 2996 Romam
877 2934 1199 3017 profectus
1213 2980 1232 3012 ‚
1306 2956 1552 2997 summa
1608 2957 1828 2999 rerum
1882 2938 2097 3020 inopia

190 3056 443 3118 pressus
499 3035 694 3098 vitam
748 3036 1019 3118 degebat
1075 3036 1392 3097 miseram.
1500 3037 1739 3114 Quibus
1788 3057 1876 3098 ex
1932 3038 2097 3099 vitae

190 3135 457 3217 miseriis
499 3135 671 3195 nulla
713 3134 772 3195 ei
816 3135 965 3213 alia,
1021 3141 1095 3195 ut
1136 3142 1276 3196 tum
1317 3142 1606 3219 tempora
1650 3143 1863 3216 erant,
1914 3143 2096 3220 pate-

191 3215 304 3295 bat
347 3233 711 3318 emergendi
754 3233 854 3295 via
867 3277 887 3310 ,
944 3255 1138 3315 qnam
1192 3241 1266 3295 ut
1322 3256 1391 3298 se
1447 3257 1849 3319 quocumque
1902 3237 2095 3299 modo

338 3467 426 3520 31)
477 3461 622 3512 Haud
669 3463 838 3511 inscite
884 3461 944 3512 de
991 3459 1080 3510 hac
1114 3463 1528 3527 famigeratissima
1564 3463 1752 3514 Horatii
1799 3464 1912 3528 fug-a
1947 3480 2098 3526 nuper

192 3534 452 3597 disputavit
487 3531 600 3583 Gar.
638 3533 893 3584 Passovius
930 3534 980 3582 iu
1022 3532 1127 3584 Vis.
1169 3534 1358 3586 Horat.
1397 3554 1447 3599 p.
1477 3536 1739 3588 XXXIII.
1773 3535 1836 3586 Ν.
1870 3538 1956 3588 95.
