2236 3932
241 190 366 246 324
715 202 717 206 ·
836 205 914 244 DE
962 205 1186 244 cAssm
1227 176 1590 244 PARMENSI.

242 341 412 403 bieni
453 324 699 422 scriptis
744 330 1026 399 evenisse
1069 336 1414 407 credamus.
1508 337 1812 418 Conquiri
1850 337 1962 421 jlla
2002 335 2134 421 jus-

245 441 326 500 sit
363 437 640 521 Caligula
695 442 755 495 et
799 453 938 494 esse
992 432 1061 492 in
1117 432 1407 495 manibus
1465 437 1854 516 lectitarique
1896 437 2132 517 permi-

244 538 359 615 sit,
405 541 661 597 auctore
688 531 996 592 Suetonio
1018 525 1081 591 c.
1127 532 1263 608 16.‚
1310 534 1422 593 sed
1461 534 1632 596 idem
1671 533 1935 595 fortasse
1963 542 2134 616 post-

241 637 359 697 hac
418 631 654 706 effecit,
731 636 802 689 ut
858 629 1110 710 penitus
1151 618 1523 692 tollerentur
1567 639 1752 714 atque
1797 652 2134 695 evanesce-

243 740 415 796 rent:
458 753 520 792 v.
545 727 829 790 Suetonii
862 727 1052 810 Calig.
1098 748 1152 788 c.
1183 729 1287 789 34.
1375 729 1562 791 Libet
1590 737 1801 792 autem
1830 754 1974 793 cum
2004 728 2132 792 Ta·-

242 834 363 894 cito
405 831 573 890 Ann.
613 826 791 887 Libr.
822 824 933 887 IV.
981 847 1035 887 c.
1073 827 1173 888 35.
1217 824 1470 888 illorum
1509 828 1972 910 Imperatorum
2030 852 2133 891 so-

241 931 520 992 cordiam
576 925 876 1003 irridere,
949 925 1059 1005 qui
1112 927 1434 1007 praesenti
1490 927 1766 1008 potentia
1808 931 2134 990 crederent

243 1026 555 1109 exstingui
626 1042 812 1106 posse
883 1024 1069 1085 etiam
1136 1025 1450 1106 sequentis
1525 1025 1665 1087 aevi
1740 1029 2131 1088 memoriam.

239 1128 398 1189 Nam
455 1129 697 1200 contra,
757 1122 987 1204 punitis
1040 1122 1306 1206 ingeniis
1319 1167 1342 1197 ,
1403 1122 1603 1206 gliscit
1643 1126 1979 1186 auctoritas
1993 1169 2012 1200 ‚
2038 1137 2042 1141 ’
2070 1133 2133 1186 et

241 1227 341 1287 isti
382 1224 543 1283 nihil
588 1223 751 1284 aliud
796 1224 918 1284 sibi
958 1222 1077 1284 nisi
1122 1224 1431 1298 dedecus,
1490 1229 1673 1307 atque
1714 1224 1836 1286 illis
1869 1223 2133 1307 gloriam

238 1333 570 1408 peperere.

843 1678 1366 1766 ExcURsth
1419 1681 1536 1742 111.

1130 1852 1236 1904 DE

235 1971 544 2048 LOCO
607 1968 1167 2043 HORATII
1229 1973 1527 2043 LIBR.
1580 1974 1634 2044 Ι.
1713 1970 1980 2045 SAT.
2049 1966 2125 2041 4.

954 2119 1033 2170 V.
1087 2100 1160 2171 9.
1215 2122 1398 2191 sqq.

329 2254 544 2332 Quum
568 2253 816 2338 flueret
847 2251 1224 2326 lutulentu8‚
1270 2263 1414 2312 erat
1442 2253 1614 2334 quod
1644 2251 1865 2312 tollere
1901 2251 2124 2324 velles,-

328 2353 655 2413 Garrulus
700 2361 893 2433 atque
923 2349 1111 2432 piger
1154 2349 1477 2411 scribendi
1498 2352 1692 2431 ferre
1735 2350 2042 2424 laborem,

320 2446 653 2511 Scribencli
689 2459 892 2510 recte:
958 2471 1120 2510 ‘nam
1159 2461 1235 2511 ut
1275 2452 1593 2526 multum,
1638 2448 1740 2509 m‘l
1777 2469 2018 2509 moror.
2043 2483 2127 2493 —

403 2591 480 2652 In
539 2599 948 2654 controverso
1005 2591 1127 2653 hoc
1169 2592 1410 2654 Horatii
1468 2593 1607 2654 loco
1663 2611 1781 2674 ego
1826 2611 2014 2672 supra
2055 2591 2125 2650 in

236 2692 586 2754 Comment.
635 2693 713 2750 de
761 2689 983 2754 Cassio
1025 2692 1373 2753 Parmensi
1410 2701 1460 2766 §.
1491 2694 1552 2752 8.
1596 2692 1864 2754 Verbum
1907 2692 2127 2750 tollere

234 2791 447 2872 accepi
489 2789 747 2851 notione
791 2791 1231 2874 expllngendi,
1299 2789 1832 2873 reprehendendi,
1892 2789 2126 2869 impro-
2226 2863 2230 2866 ⁴

231 2890 446 2951 bandi.
560 2889 1011 2965 Quintilianum
1068 2891 1239 2952 enim
1306 2891 1357 2951 I.
1420 2889 1532 2951 Or.
1590 2888 1768 2950 Libr.
1821 2889 1903 2947 X.
1961 2909 2015 2949 c.
2066 2890 2123 2948 l.

233 2999 284 3065 §.
316 2990 420 3051 94.
464 2987 598 3051 sive
655 2990 1034 3069 prudentem
1089 2989 1220 3051 sive
1278 2989 1740 3071 imprudentem
1792 2986 1954 3047 illius
2002 2987 2125 3049 loci

233 3087 604 3150 sententiam
643 3087 974 3151 invertisse
1017 3089 1289 3150 arbitror
1330 3088 1823 3170 interpretando:
1890 3097 1950 3146 et
1994 3107 2126 3147 esse

235 3187 519 3271 aliqu-id,
578 3185 751 3269 quod
805 3188 1026 3247 tollere
1080 3187 1328 3269 possm,
1385 3187 1449 3248 h.
1500 3209 1556 3248 e.
1603 3205 1888 3262 servare,
1948 3183 2124 3246 assu-

233 3307 409 3348 mere
426 3331 446 3364 ,
507 3304 854 3366 excerpere
868 3328 888 3361 ,
947 3293 1268 3368 tamquam
1311 3308 1397 3348 ex
1450 3288 1586 3346 luto
1630 3306 1850 3345 aurum
1893 3284 2124 3367 eligere

233 3386 457 3466 possis.
584 3383 668 3445 Et
737 3383 846 3465 qui
911 3383 1071 3447 hanc
1127 3374 1494 3447 sententiam
1561 3385 1702 3447 loco
1757 3384 2120 3456 Horatiano,

236 3485 684 3564 praeeuntibus
704 3479 1085 3561 SclloliastiS,
1125 3484 1358 3546 inferre
1387 3485 1781 3560 studuerunt,
1813 3483 2121 3543 Heindor-

234 3583 352 3643 fius
380 3590 444 3643 et
457 3584 868 3644 Buttmalmus
898 3581 966 3642 in
981 3582 1266 3645 Addend.
1298 3584 1378 3645 ad
1402 3583 1748 3667 Spaldingii
1765 3581 2118 3659 Quintilian.
