2236 3932
231 146 359 209 350
800 177 878 215 m:
919 175 1142 215 cAss1o
1180 176 1539 217 PARMENsr.

397 305 496 368 ΠΗ
551 308 739 392 igitur
797 314 858 367 et
912 308 1023 389 qui
1078 329 1223 370 cum
1280 311 1370 371 eis
1437 311 1705 390 faciunt,
1765 312 2107 397 affirmant,

232 405 551 468 Octaviam
603 409 774 467 illam
817 406 901 465 M.
947 407 1193 468 Antonii
1236 430 1504 471 uxorem
1558 411 1753 474 fuisse
1808 416 2114 475 uterinam

230 505 508 566 Caesaris
546 506 866 566 Octaviani
896 526 1175 566 sororem
1207 514 1422 569 contra
1465 530 1538 571 ac
1569 509 1961 587 Plutarchus,
2007 515 2114 594 qui

225 613 409 688 negat
449 605 640 664 fuisse
689 602 1030 682 ὁμομητρίαν
1064 607 1328 685 Καίσαρι.
1409 609 1497 670 Ac
1539 612 1883 672 sententiae
1927 614 2115 672 stabi-

228 704 476 765 liendae
532 722 680 763 suae
726 705 923 786 gratia
965 705 1235 788 allegant
1277 705 1642 770 Ciceronem
1681 710 1952 792 PhiJipp.
1997 711 2112 771 III.

228 825 284 865 c.
332 806 426 868 6.=
482 846 530 877 „
546 802 670 861 Sed
719 802 840 862 hoc
894 803 1242 865 clarissimi
1284 804 1416 866 υἰνί
1466 807 1776 885 viderint,
1834 810 1915 868 L.
1961 809 2115 869 Plu·-

227 902 446 984 Ie'ppus
456 944 478 976 ,
525 899 640 983 qui
675 900 864 961 habet
900 901 1248 965 Aricinam
1287 925 1593 984 uxorem,
1644 909 1709 969 G.
1740 910 2113 986 Marcellzw,

227 1001 344 1082 qui
366 999 687 1060 Aricinae
709 1000 978 1081 filiam:
1025 1024 1182 1084 quos
1209 1014 1374 1064 certe
1401 1004 1529 1065 scio
1567 1005 1905 1084 dignitatis
1948 1007 2114 1088 opti-

223 1121 484 1159 marum
522 1098 941 1180 feminarum
997 1122 1132 1161 non
1178 1103 1576 1185 poenitere.“
1675 1106 1811 1182 Quo
1863 1107 1928 1166 iu
1969 1107 2111 1167 loco

223 1196 502 1258 Aricina
534 1205 631 1258 est
660 1197 847 1277 Atia,
878 1206 1083 1261 mater
1109 1202 1387 1263 Caesaris
1418 1201 1776 1279 Octaviani3
1820 1205 2112 1266 Aricinae

225 1295 352 1357 filia
411 1303 508 1358 est
555 1297 831 1359 Octavia
885 1300 1113 1362 minor.
1212 1301 1305 1363 Ea
1363 1309 1663 1385 nupserat
1705 1303 1772 1365 C.
1816 1304 2110 1366 Marcello

225 1396 508 1470 cuidam3
584 1397 637 1458 is
692 1399 912 1479 procul
973 1399 1165 1460 dubio
1221 1401 1392 1462 idem
1449 1409 1576 1480 est,
1639 1403 1782 1483 qui,
1854 1410 2112 1464 auctore

225 1494 430 1555 Dione
476 1495 646 1557 Cass.
690 1497 866 1558 Libr.
909 1498 1048 1558 XL.
1094 1519 1148 1559 c.
1195 1497 1319 1577 59„
1363 1508 1440 1578 τῷ
1479 1508 1753 1581 Καίσαρι,
1806 1503 2006 1581 καίπερ
2053 1504 2114 1571 ἐξ

226 1597 524 1670 ἐπιγαμίας
559 1598 882 1674 προσήκων,
921 1600 1122 1676 ἐχθρὸς
1159 1595 1250 1675 ἦν,
1298 1607 1360 1661 et
1403 1602 1511 1682 qui
1542 1621 1693 1683 eam·
1718 1603 1800 1663 ol)
1832 1621 2113 1662 caussam

226 1714 263 1753 a
294 1693 597 1778 Pompeio
642 1697 721 1756 ad
766 1697 1159 1758 consulatum
1202 1719 1257 1759 a.
1290 1700 1360 1760 U.
1395 1700 1462 1761 C.
1507 1702 1655 1762 704.
1700 1707 1952 1763 evectus
1996 1706 2112 1760 est.

224 1793 538 1855 Successit
588 1795 675 1854 Μ.
735 1796 996 1857 Claudio
1052 1797 1348 1860 Marcello
1407 1799 1546 1861 Cos„
1603 1820 1659 1861 a.
1715 1800 1790 1860 U.
1849 1800 1918 1861 C.
1963 1799 2110 1860 703.

225 1915 258 1952 c
266 1890 399 1976 ujus
434 1894 842 1955 consobrinus
876 1903 1040 1956 esset
1068 1917 1179 1957 seu
1209 1898 1433 1977 frater,
1481 1896 1784 1978 ἇνεψιοςη
1774 1897 1912 1957 καὶ
1949 1897 2112 1958 ἀδελ-

226 1997 332 2069 φὸς
367 1997 594 2070 (λέγεται
631 1997 735 2073 γὰρ
773 1995 1081 2073 ἑκάτερον),
1127 2005 1200 2058 ut
1241 1999 1327 2059 ait
1365 1999 1483 2059 Dio
1516 1998 1762 2059 Cassius
1799 1999 1841 2058 1.
1874 2019 1925 2060 c.
1957 1999 2111 2079 ibiq-

226 2095 546 2155 Fabricius
591 2095 664 2155 N.
709 2098 854 2156 228.
902 2096 1036 2156 Vol.
1082 2096 1159 2158 V.
1204 2120 1266 2178 p.
1306 2100 1450 2158 278.
1497 2096 1666 2158 Strz.
1753 2099 1950 2159 Porro
1995 2099 2113 2157 ‹lu-

224 2196 400 2254 bium
443 2215 580 2256 esse
623 2196 844 2275 nequit
886 2195 1038 2276 quin
1081 2196 1301 2256 eadem
1345 2197 1425 2257 sit
1469 2182 1761 2273 Octavia,
1806 2217 1998 2277 quam
2039 2204 2113 2257 ut

223 2302 482 2375 neptem
524 2296 756 2356 sororis
799 2315 946 2355 suae
988 2295 1186 2357 Julius
1215 2296 1443 2356 Caesar
1472 2296 1585 2356 Cn.
1613 2293 1919 2377 Pompeio
1962 2317 2112 2357 con-

226 2395 531 2456 ditionem
559 2395 812 2470 detulit,
857 2400 1114 2455 auctore
1140 2393 1445 2455 Suetonio
1477 2414 1532 2455 c.
1566 2398 1668 2454 27.
1752 2396 1961 2474 Atque
1991 2395 2113 2456 hoc

230 2492 511 2554 Suetonii
543 2495 682 2555 loco
713 2513 864 2574 prae
895 2495 1151 2555 caeteris
1181 2500 1502 2574 tamquam
1529 2514 1671 2555 arce
1698 2495 2113 2555 munitissima

228 2593 518 2653 inuititur
539 2594 787 2653 illorum
816 2594 1123 2655 sententia
1150 2594 1437 2656 virorum
1452 2637 1471 2670 ,
1513 2593 1621 2673 qui
1647 2599 1904 2675 negant,
1949 2588 2115 2654 Mar-

229 2692 460 2752 cellum
501 2692 678 2753 illum
721 2692 842 2752 dici
883 2694 1160 2773 potuisse
1203 2692 1454 2753 affinem
1495 2692 1644 2753 Julii
1688 2691 1964 2752 Caesaris
1983 2737 2002 2770 ‚
2062 2694 2115 2752 si

225 2791 335 2851 ille
379 2790 716 2852 Anchariae
757 2791 947 2852 fiJiam
963 2835 983 2868 ,
1029 2791 1387 2868 Octaviam,
1443 2791 1512 2851 in
1552 2791 1954 2852 matrimonio
1997 2791 2111 2852 ha-

225 2889 482 2950 buisset.
911 2912 913 2914 ·

399 2989 643 3051 Verum
688 2990 854 3051 enim
897 3011 1050 3053 vero
1095 3012 1183 3053 ex
1225 2991 1502 3075 allegatis
1545 2990 1859 3052 Ciceronis
1872 3034 1892 3068 ‚
1953 2991 2112 3053 Sue-

230 3090 384 3172 tonii
443 3095 509 3150 et
562 3089 782 3150 Dionis
840 3090 1032 3151 Cassii
1088 3091 1242 3153 locis
1300 3099 1409 3151 aut
1462 3091 1710 3173 egregie
1765 3089 1951 3151 fallor
2007 3098 2114 3152 aut

229 3189 390 3248 nihil
438 3189 605 3249 aliud
647 3189 958 3269 sequitur,
1008 3191 1129 3251 nisi
1173 3189 1497 3252 Octaviam
1539 3191 1851 3250 minorem
1893 3192 2110 3251 matri-

229 3288 444 3350 monio
500 3284 899 3370 conjunctam
940 3288 1132 3351 fuisse
1176 3311 1319 3351 cum
1365 3291 1433 3350 C.
1477 3289 1770 3349 Marcello
1816 3292 2108 3370 quodam,

231 3389 678 3467 eamdemque,
722 3386 870 3448 vivo
899 3388 1103 3450 adhuc
1128 3389 1373 3464 marito,
1419 3389 1497 3448 ab
1526 3389 1835 3449 avunculo
1864 3409 2109 3471 magno,

229 3485 393 3548 Julio
453 3487 745 3562 Caesare,
815 3486 1152 3569 Pompeio,
1227 3486 1405 3570 cujus
1471 3488 1994 3548 necessitudinem
2051 3494 2111 3547 et

232 3586 625 3647 voluntatem
640 3585 916 3647 retinere
945 3593 1219 3667 cuperet,
1252 3587 1330 3647 in·
1350 3587 1812 3647 matrimonium
1838 3587 2110 3647 oblatam
