2236 3932
244 124 321 184 12
823 140 904 181 nn
951 141 1009 184 1..
1051 140 1260 189 vAmo
1306 140 1542 183 POETA.

238 280 454 342 ciundi
507 299 758 355 caussa,
821 281 993 362 teste
1050 277 1339 357 APPiano
1382 276 1661 338 Mithrid.
1706 297 1761 338 c.
1790 276 1895 337 68.
1926 275 2038 334 70.
2058 281 2124 335 et

217 382 345 439 -›77.
387 379 602 458 ibique
647 377 1197 458 Schweighiiuser.
1224 372 1370 434 Vol.
1397 374 1511 436 ΠΙ.
1537 399 1600 457 p.
1630 376 1777 437 631.
1834 374 2123 452 Denique

407 477 527 556 VI)
572 476 650 535 L.
676 476 905 536 Varius
920 519 939 549 ‚
983 472 1307 532 familiaris
1351 479 1427 533 et·
1458 480 1786 555 compotor
1813 472 1898 531 M.
1928 471 2125 531 Anto-

235 577 338 636 nii
359 575 727 637 Triumviri.
812 575 1156 652 Perperam
1196 590 1232 629 a
1270 569 1654 654 Glandorpio
1698 573 1767 631 in
1797 569 2124 630 Onomast.

233 698 300 756 p.
319 676 464 735 879.
479 719 498 750 ,
544 675 656 754 (sui
700 672 958 733 omnino
1002 689 1229 749 parum
1272 669 1603 752 diligenter
1635 669 1876 733 Varios
1903 689 2128 729 recen-

237 775 394 850 suit,
451 774 597 832 huic
647 768 880 848 Quinti
917 787 1308 848 praenomen
1349 770 1683 829 tribuitur:
1740 790 1890 829 nam
1938 766 2132 826 Lucii

236 893 626 953 praenomen
668 869 843 928 nulla
884 867 1186 928 varietate
1228 866 1492 948 legimus
1529 888 1628 948 ap.
1662 868 1946 928 Ciceron.
1975 866 2127 924 Phi-

230 973 388 1052 lipp.
420 969 592 1030 VIII.
639 988 694 1028 c.
730 968 787 1026 1.
872 965 972 1025 Ab
1033 966 1264 1026 eodem
1307 965 1608 1027 Cicerone
1649 967 1920 1048 Philipp.
1949 964 2126 1023 XIII.

235 1091 290 1130 c.
340 1071 437 1128 12.
495 1067 850 1148 appellatur
926 1107 974 1139 ,,
993 1065 1280 1123 columen
1334 1063 1690 1137 amicorum
1746 1062 2062 1127 Antonii:
2080 1067 2129 1099 “

235 1174 301 1241 et
342 1167 614 1247 Philipp.
643 1163 818 1226 VIH.
864 1185 916 1224 e.
945 1167 1009 1224 8.
1092 1206 1141 1238 ,,
1165 1164 1297 1225 Cur
1351 1173 1570 1223 autem
1619 1186 1699 1223 ea
1741 1162 1969 1241 legatis
2009 1182 2131 1222 no-

237 1265 394 1327 stris
436 1266 670 1339 dabat,
744 1285 890 1323 cum
932 1262 1023 1322 ad
1062 1283 1182 1323 nos
1230 1263 1517 1343 Cotylam
1557 1262 1871 1336 mitteret,
1931 1283 2130 1322 orna-

235 1375 524 1426 mentum
566 1374 760 1445 atque
802 1383 1016 1424 arcem
1060 1360 1418 1421 amicorum
1461 1383 1727 1422 suorum
1736 1405 1759 1436 ,
1812 1359 2132 1420 hominem

237 1459 653 1525 aedilitium?
721 1461 786 1523 si
834 1482 987 1521 vero
1053 1471 1194 1520 tum
1228 1460 1386 1541 fait
1440 1459 1710 1535 aedilis,
1781 1482 1926 1520 cum
1987 1479 2132 1519 eam

222 1564 421 1642 >jussu
444 1559 730 1622 Antonii
764 1560 840 1620 in
873 1558 1167 1620 convivio
1202 1558 1376 1620 servi
1399 1559 1646 1641 publici
1672 1559 2132 1620 ceciderant:“

235 1664 314 1723 cl.
342 1662 617 1742 Philipp.
645 1659 824 1719 XIII.
870 1681 924 1720 c.
957 1660 1057 1718 12.
1141 1657 1456 1719 Eimnlem
1499 1658 1582 1718 L.
1625 1658 1906 1722 Varium
1953 1659 2123 1736 Coty-

234 1762 372 1822 lam
411 1761 499 1819 M.
528 1760 843 1819 Antonius
860 1802 879 1835 ‚
926 1779 1071 1819 cum
1099 1757 1187 1816 M.
1217 1757 1464 1838 Lepido
1506 1763 1654 1839 post
1684 1778 1962 1840 pugnam
1987 1756 2132 1814 Mu-

234 1861 553 1920 tinensem
595 1856 965 1941 conjunctus
983 1901 1003 1934 ,
1050 1858 1131 1917 ad
1160 1856 1400 1917 Galliae
1427 1858 1816 1938 praesidium
1846 1877 1992 1917 cum
2019 1854 2131 1915 VI.

231 1960 588 2042 legionibus
643 1958 903 2037 reliquit
916 2003 936 2034 ,
1005 1962 1170 2017 teste
1211 1957 1550 2018 Plutarcho
1608 1958 1678 2016 in
1716 1955 1849 2016 Vit.
1892 1956 2131 2015 Anton.

235 2078 292 2118 G.
334 2061 433 2118 18.
497 2058 559 2128 ἓξ
593 2058 844 2134 τάγματα
880 2059 1132 2115 λελοίπει
1179 2058 1318 2128 μετὰ
1363 2055 1608 2134 Οὐαρίου
1644 2058 1790 2125 τινὸς
1825 2062 1931 2114 τῶν
1968 2055 2135 2129 συνή-

234 2168 357 2218 θων
394 2161 487 2217 καὶ
524 2163 845 2232 συμποτῶν,
911 2153 972 2215 ὃν
1007 2155 1307 2214 Κοτύλωνα
1354 2158 1796 2233 προσηγόρευον,
1866 2156 1946 2215 (le
2002 2175 2131 2234 quo

221 2259 610 2341 cognomine
653 2257 887 2319 videsis
933 2256 1350 2317 Garatonium
1393 2257 1473 2315 ad
1518 2254 1718 2315 Cicer.
1763 2254 1926 2314 Phil.
1957 2252 2134 2313 VIII.

237 2379 292 2418 c.
322 2359 383 2417 8.
432 2358 565 2418 Vol.
595 2356 679 2416 II.
722 2380 787 2438 p.
821 2358 966 2417 266.
1051 2357 1168 2416 Hic
1209 2356 1404 2438 igitur
1435 2354 1513 2414 L.
1539 2353 1767 2414 Varius
1793 2355 1864 2413 in
1889 2352 1978 2413 M.
2009 2352 2134 2412 An-

235 2457 399 2517 tonii
440 2456 865 2516 familiaritate
909 2457 1112 2517 adhuc
1155 2461 1291 2516 erat
1335 2476 1390 2515 a.
1422 2455 1499 2514 U.
1530 2453 1598 2514 C.
1631 2455 1781 2514 711.

219 2586 223 2590 v
409 2555 750 2617 Praetereo
804 2556 910 2616 hic
953 2556 1141 2631 alios,
1216 2576 1489 2635 quorum
1542 2554 1782 2615 mentio
1827 2573 1864 2614 a
1904 2551 2139 2615 veteri-

233 2655 355 2715 bus
394 2656 808 2735 scriptoribus
851 2652 1081 2736 injecta
1124 2660 1250 2732 est,
1302 2654 1373 2718 V
1364 2653 1576 2729 ariOS,
1619 2654 1806 2733 utqui
1845 2651 1923 2712 L.
1938 2651 2133 2712 Vario

223 2760 427 2836 *poeta
467 2755 746 2815 minores
789 2761 945 2814 natu
987 2754 1242 2830 fuerint,
1289 2755 1448 2815 sicut
1472 2753 1549 2814 L.
1566 2751 1815 2829 VariuS,
1856 2752 1956 2815 vir
1982 2772 2136 2812 con·-

235 2854 458 2914 sularis
471 2898 490 2930 ,
541 2854 654 2933 qui
693 2854 809 2913 sul)
839 2853 1089 2914 Nerone
1133 2854 1432 2916 avaritiae
1476 2853 1840 2914 criminibus
1882 2851 2136 2932 percul-

236 2975 343 3013 sus
402 2959 531 3029 est,
603 2959 856 3013 auctore
911 2953 1134 3014 Tacito
1201 2954 1431 3014 Annal.
1477 2952 1655 3013 Libr.
1692 2951 1870 3011 XIII.
1927 2972 1979 3011 c.
2030 2951 2136 3010 32.

234 3053 458 3134 Neque
517 3051 689 3113 enim
745 3073 906 3133 opus
966 3059 1092 3129 est,
1162 3060 1236 3113 ut
1278 3053 1381 3114 hic
1422 3053 1618 3113 totius
1662 3051 1865 3134 gentis
1907 3049 2137 3110 Variae

239 3159 507 3213 stemma
564 3157 900 3212 contexam
914 3195 933 3226 ,
1005 3154 1378 3232 praesertim
1438 3172 1668 3232 quum,
1744 3139 1853 3230 qui
1915 3148 2138 3209 seriori

236 3258 442 3315 aetate
486 3252 792 3313 vixerunt
805 3295 825 3326 ‚
869 3249 1048 3310 Varii
1089 3249 1219 3333 jam
1263 3250 1615 3312 enumerati
1658 3249 1784 3308 sint
1825 3249 2057 3330 partim
2099 3267 2137 3307 a

238 3341 651 3432 Glandorpio‘
675 3351 744 3410 in
776 3337 1098 3410 Onomast.
1134 3373 1197 3431 p.
1226 3352 1372 3410 879.
1389 3394 1408 3425 ,
1452 3349 1686 3430 partim
1719 3369 1754 3407 a
1781 3347 2134 3429 Stieglitzio

238 3451 308 3512 in
350 3437 492 3510 libr.
544 3451 616 3512 V
606 3449 834 3510 ersuch
887 3447 1062 3508 einer
1110 3448 1549 3526 Einrichtung
1604 3446 1861 3527 ciiitilcer
1900 3443 2135 3506 Miinz·

238 3550 718 3628 Smmnlungen.
794 3543 1015 3639 (LiPS.
1051 3548 1266 3627 1809.)
1323 3571 1388 3631 p.
1425 3548 1599 3624 114„
1671 3546 1784 3606 ubi
1843 3545 2133 3606 denarius
