2236 3932
801 138 1135 183 sxcunsus
1179 136 1245 182 v.
1840 123 1961 186 341-

75 282 223 342 699.
239 323 260 356 ,
335 285 406 339 ut
462 276 542 339 G.
597 277 1000 352 Drumamius
1058 276 1125 334 in
1180 275 1339 336 Hist.
1394 276 1577 339 Rom.
1639 279 1825 339 Tom.
1880 280 1963 340 Π.

77 403 142 460 p.
201 379 347 438 372.
422 374 782 457 conjectura
850 375 1159 453 probabili
1231 377 1460 437 statuit.
1556 375 1668 436 Ex
1745 376 1961 440 Clodio

77 481 406 556 pepererat
442 475 638 533 filium
655 517 675 548 ,
720 475 792 531 P.
830 471 1142 546 Clodium,
1188 495 1375 552 quem
1402 476 1754 558 privignum
1783 494 1963 562 suum

72 573 162 634 Μ.
204 574 507 634 Antonius
549 573 618 631 in
659 570 933 651 Epistola
975 572 1055 629 ad
1097 569 1471 633 Ciceronem
1523 575 1614 652 (v.
1657 575 1735 634 ad
1775 574 1962 634 Attio.

74 673 252 732 Libr.
282 671 451 730 XIV.
492 669 610 750 Ep.
648 669 748 728 13.
791 669 902 747 A.)
947 668 1222 747 optimae
1264 672 1396 749 spei
1438 692 1708 752 puerum
1750 673 1964 754 appel-

75 773 183 832 lat.
270 768 430 828 Eum
471 774 687 828 tamen
729 772 985 848 peracta
1025 767 1242 828 enervi
1285 774 1351 828 et
1387 767 1605 852 frigida
1635 767 1965 852 juventute

75 876 138 930 et
185 867 643 949 vulgatissimae
696 864 1050 927 meretricis
1106 885 1320 926 amore
1374 867 1678 930 infamem
1734 869 1966 930 erube-

74 968 305 1029 scendo
334 966 558 1027 mortis
584 985 814 1049 genere
856 970 1296 1044 consumptmn
1340 985 1511 1043 esse,
1555 967 1752 1028 refert
1783 967 1967 1030 Vale-

73 1067 204 1127 rius
244 1066 507 1126 Maxim.
550 1063 728 1124 Libr.
772 1063 887 1124 111.
938 1083 993 1123 c.
1026 1062 1084 1124 5.
1128 1084 1188 1122 n.
1220 1066 1282 1125 3.
1369 1065 1567 1126 Porro
1617 1065 1965 1128 Claudiam

72 1165 300 1239 filiam,
343 1184 538 1245 quam
576 1164 844 1226 vixdum
879 1162 1199 1239 nubilem,
1256 1164 1372 1222 sub
1415 1163 1668 1247 initium
1710 1164 1964 1225 Trium-

0 1276 1 1318 }
72 1266 306 1326 viratus
320 1307 340 1340 ,
384 1263 640 1325 vitricus
673 1271 735 1323 et
764 1267 970 1322 mater
998 1262 1466 1343 despondebant
1493 1262 1741 1324 Caesari
1773 1262 1962 1326 Octa-

0 1426 6 1443 ἶ
71 1364 289 1439 viano,
333 1368 492 1422 teste
535 1359 839 1422 Suetonio
883 1380 939 1421 c.
982 1361 1089 1422 62.
1138 1393 1226 1405 -·
1300 1360 1521 1422 Mense
1561 1361 1859 1424 Januario
1903 1382 1961 1424 a.

0 1489 6 1535 ἶ
75 1464 147 1523 U.
178 1462 250 1523 C.
279 1463 426 1522 702.
471 1460 680 1521 amisit
723 1459 943 1521 Fulvia
984 1458 1275 1520 Clodium
1315 1459 1613 1520 maritum
1655 1482 1693 1522 a
1726 1460 1962 1524 Milone

0 1552 6 1635 l
72 1580 326 1622 caesum
367 1566 431 1621 et
474 1579 640 1619 anno
681 1564 829 1639 post
869 1557 1076 1639 nupsit
1109 1557 1174 1620 G.
1210 1556 1515 1633 Curioni,
1560 1560 1699 1622 viro
1741 1562 1958 1639 nobili,

69 1660 155 1719 M.
195 1659 455 1720 Antonii
496 1678 698 1738 nuper
739 1658 944 1719 amico
986 1665 1051 1718 et
1091 1656 1422 1717 libidinum
1465 1660 1682 1720 sodali.
1766 1659 1832 1721 Is
1875 1681 1962 1723 ex

0 1803 1 1825 ἦ
69 1759 292 1822 Fulvia
332 1759 560 1820 tulerat
600 1757 829 1834 filium,
885 1777 1076 1837 quem
1120 1755 1350 1817 Caesar
1393 1755 1775 1821 Octavianus
1816 1767 1960 1843 post

0 1882 7 1973 Ι
69 1879 346 1941 pugnam
403 1859 719 1919 Actiacam
789 1876 847 1918 a.
917 1855 992 1916 U.
1063 1856 1133 1918 C.
1201 1858 1348 1917 723.
1424 1857 1692 1919 interfici
1759 1856 1960 1942 jussit,

2 1980 5 1986 ¹
69 1965 328 2019 auctore
367 1957 572 2019 Dione
616 1956 787 2018 CasS.
829 1954 1006 2016 Libr.
1051 1954 1160 2015 LI.
1207 1974 1262 2046 c.
1308 1959 1371 2016 2.
1468 1955 1649 2020 Fulv
1630 1978 1691 2018 ia
1731 1959 1963 2020 iterum

0 2095 6 2136 ᾖ
73 2057 267 2118 vidua
318 2055 477 2118 facta
533 2062 631 2118 est
678 2077 737 2117 a.
781 2055 858 2116 U.
904 2054 975 2116 C.
1018 2055 1166 2116 706.
1150 2098 1201 2132 .,
1261 2075 1387 2136 quo
1440 2076 1603 2119 anno
1649 2057 1837 2120 Curio
1880 2060 1962 2120 ab

67 2154 270 2217 Jubae
312 2155 508 2238 copiis
550 2156 620 2215 in
661 2154 870 2216 Africa
914 2175 1246 2236 oppressus
1288 2155 1545 2216 interiit.

234 2254 518 2317 Fulvia
496 2255 684 2339 1gaitu1·
724 2253 790 2314 in
831 2254 1302 2315 matrimonium
1357 2256 1578 2333 ducta,
1635 2258 1719 2319 Μ.
1763 2257 1960 2320 Anto-

0 2334 4 2350 ’
71 2354 249 2432 niuS,
293 2355 435 2435 qui,
477 2355 711 2415 Fadiae
753 2354 968 2415 liberis
1011 2354 1321 2415 defunctis
1362 2355 1681 2437 nullisque
1712 2377 1798 2418 ex
1822 2357 1959 2418 An-

67 2454 238 2515 tonia
281 2453 617 2535 susceptis,
660 2453 900 2514 -suhole
954 2454 1240 2531 carebat,
1299 2453 1555 2516 vitricus
1609 2455 1809 2518 factus
1863 2464 1961 2520 est

68 2555 337 2614 duorum
365 2553 636 2612 filiorum
665 2552 979 2632 mnusque
1007 2551 1194 2613 filiae.
1281 2553 1395 2615 Illa
1424 2556 1797 2617 sexennium
1822 2555 1960 2620 fere

0 2662 5 2739 ἦ
66 2652 470 2714 matrimonio
515 2648 846 2734 conjxmcta
888 2671 1034 2712 cum
1075 2651 1162 2711 M.
1204 2652 1485 2715 Antonio
1526 2654 1709 2717 vixit.
1801 2656 1959 2718 Nam

0 2781 2 2788 v
67 2751 282 2829 finito,
339 2752 509 2833 quod
566 2751 731 2832 ipsa,
789 2757 859 2812 ut
913 2751 1211 2812 maritum
1252 2772 1289 2813 a
1334 2754 1700 2836 Cleopatrae
1744 2776 1959 2817 amore

0 2872 5 2930 ;
68 2858 134 2913 et
176 2851 516 2933 complexu
560 2850 983 2927 abstraheret,
1030 2850 1445 2928 conflaverat,
1489 2853 1660 2915 bello
1704 2855 1958 2916 Perusi-

67 2971 191 3027 no,
234 2949 462 3012 Caesar
505 2949 888 3012 Octavianus
930 2970 1071 3011 eam
1114 2971 1261 3013 cum
1300 2951 1542 3030 filiolis,
1602 2976 1760 3035 quos
1800 2961 1955 3036 puto

0 3071 5 3106 ,ς
68 3049 257 3110 fuisse
299 3048 589 3111 Clodium
632 3054 695 3110 et
739 3047 1075 3111 Curionem
1117 3071 1381 3132 pueros,
1429 3052 1790 3115 inviolatam
1832 3053 1957 3114 Ita·-

0 3123 6 3208 l
67 3149 151 3209 lia
194 3149 507 3211 excedere
566 3169 786 3230 passus
843 3156 956 3211 est.
1059 3148 1427 3214 Occurrisse
1486 3140 1686 3213 fertur
1729 3155 1955 3217 marito

0 3261 5 3357 i
68 3246 367 3325 Athenis,
411 3255 478 3309 et
517 3250 666 3309 inde
710 3269 855 3310 cum
898 3270 976 3311 eo
1015 3250 1084 3311 in
1109 3249 1350 3312 Italiam
1375 3251 1654 3314 reditura
1681 3250 1956 3333 Sicyone

0 3368 5 3380 ·
66 3348 294 3408 morbo
336 3366 636 3429 oppressa
680 3349 834 3410 obiit
874 3369 932 3410 a.
977 3350 1052 3410 U.
1098 3347 1168 3411 C.
1211 3351 1356 3412 714.

0 3430 6 3503 l
235 3443 324 3506 Μ.
380 3446 695 3508 Antonius
752 3468 839 3509 ex
896 3449 1118 3512 Fulvia
1172 3450 1300 3512 duo
1358 3457 1715 3531 susceperat
1772 3450 1953 3514 filios.

0 3570 6 3608 z
66 3541 267 3629 Major
289 3552 478 3626 natu,
523 3546 788 3611 fortasse
817 3548 1249 3615 Romanorum
1281 3570 1495 3628 more,
1539 3548 1736 3632 patris
1768 3570 1955 3634 prae-
