2236 3932
243 140 370 202 288
823 162 904 202 DE
949 161 1174 203 cAssio
1209 162 1585 202 PARMENSI.

245 303 436 360 acute>
502 296 798 379 opposuit
866 294 1354 376 Oudendorpius
1376 341 1396 374 ,
1473 317 1603 357 non
1669 304 1802 360 tam
1869 309 2145 362 matrem

198 419 199 423 ’
245 399 368 459 dici
413 417 592 478 posse
619 394 832 477 fingi,
905 413 991 453 ex
1035 400 1161 473 qua
1203 395 1414 475 proles
1465 394 1780 457 formetur
1823 405 1885 459 et
1927 401 2144 482 gigna-

244 509 348 558 tur
350 540 382 597 ἶ
461 496 572 556 sed
616 494 871 575 prolem
910 492 1112 572 ipsam
1136 493 1358 572 fingi,
1431 501 1504 554 ut
1545 497 1670 555 liba
1714 502 1781 556 et
1820 498 2146 578 placentae

243 596 554 678 fingantur
611 611 697 651 ex
750 589 954 650 farina
1011 596 1158 651 ante
1217 593 1400 672 pista.
1487 594 1846 656 Macrobius
1892 594 2144 657 Saturn.

243 696 423 755 Libr.
454 693 536 752 II.
595 711 650 751 c.
700 692 761 749 2.
804 711 867 770 p.
910 689 1056 749 349.
1099 689 1178 749 Z.
1240 692 1475 772 „Apud
1531 693 1611 754 L.
1657 695 1976 771 Mallium,
2036 696 2148 775 qui

245 795 516 875 optimus
569 790 773 871 pictor
830 789 1069 849 Romae
1127 788 1511 868 habebatur,
1583 793 1885 856 Servilius
1931 792 2151 853 Gemi-

243 913 364 953 nus
418 890 579 951 forte
638 888 974 949 coenabat:
1043 908 1315 968 cumque
1388 889 1546 952 filias
1618 890 1753 974 ejus
1829 892 2148 953 deformes

243 992 535 1065 vidisset,
608 987 791 1066 „Non
841 986 1196 1063 similiter„
1231 987 1473 1068 inquit,
1543 991 1717 1051 Malli
1730 990 1762 1069 ,'
1833 991 2014 1073 fingis
2084 998 2150 1052 et

244 1090 512 1172 pingis.“
609 1087 692 1147 Et
748 1087 1032 1163 Mallius,
1103 1086 1223 1163 „In
1264 1090 1545 1150 tenebris
1585 1091 1760 1151 enim
1798 1091 2001 1173 finge,
2050 1090 2152 1150 in-

246 1189 406 1271 quit3
475 1188 616 1249 luce
669 1187 927 1268 pingo.“
1033 1185 1378 1266 Propterea
1441 1186 1933 1271 Oudendorpius
2005 1210 2150 1250 cum

246 1288 583 1349 Torrentio
641 1286 766 1369 legi
830 1285 1048 1345 maluit
1102 1284 1337 1366 pinsit,
1408 1289 1578 1368 quod
1655 1288 1918 1350 Codices
1974 1288 2154 1348 Basi-

244 1389 512 1449 leenses.
550 1387 879 1468 praebent.
976 1385 1052 1444 Id
1109 1405 1226 1467 ego
1285 1385 1673 1448 confidenter
1713 1389 1966 1470 recepi,
2023 1409 2155 1448 11011

247 1487 671 1571 numerandos
717 1504 854 1546 esse
900 1482 1162 1545 Codices
1203 1492 1396 1546 ratuS.
1483 1486 1766 1549 Dubium
1799 1488 1969 1549 enim
2012 1506 2153 1549 esse

246 1580 500 1667 nequit,
573 1607 637 1647 v.
680 1583 904 1664 fi‘noeit
960 1603 1097 1644 esse
1119 1610 1128 1642 ι
1140 1584 1775 1665 interpretamentum
1817 1588 2009 1667 idque
2051 1586 2154 1644 in-

248 1692 467 1766 eptum
523 1683 814 1745 lectionis
872 1681 1078 1764 pinsit
1093 1727 1115 1757 ,
1183 1685 1356 1764 quod
1401 1704 1487 1744 ex
1527 1674 1808 1768 margine
1852 1685 2156 1765 antiquis-

249 1785 462 1846 simiS*
479 1780 609 1865 jam
650 1783 1042 1863 temporibus
1097 1783 1164 1842 in
1225 1790 1479 1843 textum
1550 1784 1879 1864 irrepserit
1938 1785 2156 1864 ibique

249 1882 748 1965 utpote-facilior
777 1882 962 1943 lectio
990 1881 1202 1942 locum
1226 1882 1295 1941 in
1326 1882 1525 1943 Codd.
1558 1882 1843 1962 plurimis
1871 1883 2158 1943 obtinue-

249 1985 354 2044 rit.
461 1982 777 2062 Equidem
832 1982 1059 2062 quovis
1113 1983 1320 2062 posito
1379 1982 1642 2063 pignore
1700 1983 2155 2059 contenderim,

251 2104 290 2144 a
347 2082 560 2143 Cassio
631 2081 963 2141 Parmensi
1035 2081 1340 2162 scriptum
1408 2100 1544 2142 esse
1602 2079 1843 2162 pinsit,
1921 2081 2158 2162 quippe

251 2184 426 2264 quod
481 2181 761 2261 apprime
820 2181 1196 2262 respondeat
1250 2180 1402 2261 ipsi,
1476 2181 1556 2240 de
1614 2199 1741 2261 qua
1784 2199 1992 2243 sermo
2037 2186 2155 2258 est,

251 2283 346 2343 rei
388 2287 449 2342 et
480 2281 767 2342 dictionis
797 2279 1184 2341 obscenioris
1213 2279 1428 2340 colori.
1517 2277 1919 2356 Obscenitas,
1965 2299 2159 2359 quam

256 2381 502 2442 Cassius
558 2386 776 2460 aperte
818 2380 922 2439 hic
963 2384 1223 2459 captat,
1292 2379 1468 2439 abest
1526 2399 1563 2440 a
1615 2398 1681 2441 v.
1723 2376 1945 2458 finxit
1960 2421 1983 2452 ,
2059 2377 2159 2438 cui

255 2481 447 2541 etiam
491 2500 577 2540 cx
621 2479 974 2539 Casauboni
1002 2478 1520 2558 interpretatione
1548 2482 1901 2559 repugnant
1934 2497 2159 2536 manus

257 2580 509 2656 collybo
555 2579 969 2638 decoloratae.
1071 2578 1270 2639 Istam
1319 2578 1502 2639 verbi
1543 2577 1766 2657 reique
1809 2577 2161 2638 obscenita-

254 2685 391 2738 tem
450 2678 781 2738 involucro
839 2679 1121 2758 quodam
1173 2677 1449 2758 veloque
1493 2677 1643 2738 scite
1687 2677 1972 2743 obtendit
2016 2677 2163 2736 Cas-

256 2778 406 2838 sius.
526 2774 765 2836 Sensus
825 2777 994 2837 enim
1053 2783 1181 2837 est:
1249 2776 1411 2837 hanc
1467 2774 1738 2860 farinam
1750 2815 1763 2841 ·.
1792 2774 1983 2855 pinsit
2023 2774 2068 2833 i.
2101 2794 2160 2834 e.

259 2875 521 2957 pressit,
593 2876 840 2957 subegit
894 2877 1185 2938 manibus
1241 2876 1493 2953 collybo
1548 2875 1933 2939 decoloratis>
1979 2893 2161 2933 men-

259 2976 478 3035 sariu5.
563 2972 705 3035 Jam
731 2961 1134 3036 Casaubonus
1165 2975 1633 3037 accommodate
1663 2994 1808 3034 cum
1849 2995 1912 3035 v.
1953 2971 2160 3053 pinsit

264 3073 607 3156 significatu
667 3075 937 3135 obsceno
956 3144 969 3150 a
995 3075 1260 3135 contulit
1315 3094 1399 3139 ex
1455 3073 1778 3141 Theocriti
1835 3071 2018 3150 Idyll.
2047 3069 2160 3130 IV.

259 3195 322 3235 V.
369 3173 470 3233 58.
524 3177 589 3232 τὸ
634 3174 910 3249 γερόντιον
948 3170 984 3250 ἦ
1023 3173 1081 3253 ῥ’
1120 3175 1203 3232 ἔτι
1237 3172 1432 3246 μύλλει
1480 3174 1665 3250 ΤήνανἸ
1700 3175 1799 3230 τὰν
1853 3171 2172 3248 κυανόςρρυνχ

265 3273 534 3347 ἐρωτίδα,
572 3276 674 3338 τᾶς
718 3268 856 3327 ποκ’
895 3273 1157 3348 ἐκνίσθηε
1231 3271 1446 3350 ibique
1500 3270 1630 3337 vid,-
1671 3261 2059 3330 -S'choliastas
2101 3271 2166 3326 et

261 3371 602 3453 Kiessling.
667 3392 733 3450 p.
784 3369 927 3428 141.
1046 3371 1205 3431 Cum
1272 3371 1415 3430 loco
1491 3367 1869 3430 Theocriteo
1919 3365 2164 3437 ¹Jacobs

265 3470 601 3532 Animadv.
630 3469 696 3528 in
725 3467 918 3528 Anth.
950 3466 1062 3528 Gr.
1104 3468 1252 3530 Vol.
1279 3468 1360 3527 II.
1387 3468 1459 3526 P.
1486 3471 1546 3528 2.
1580 3489 1638 3547 p.
1673 3469 1818 3528 472.
1849 3462 2166 3543 componit

261 3568 474 3629 locum
544 3567 940 3629 Pherecratis
1015 3588 1147 3648 ap.-
1189 3567 1453 3630 Suidam
1514 3588 1577 3628 v.
1638 3566 1964 3633 ἆνόδοντος·
2007 3562 2165 3638 ,Ἀνὴρ
