2236 3932
212 128 341 190 268
797 149 879 189 nn
926 148 1148 188 cAss1o
1184 146 1547 188 PARMENSI.

211 287 481 344 mortem
522 282 877 358 insultasse,
921 281 1342 342 reminiscaris
1374 301 1615 358 eorum,
1659 282 1888 361 quibus
1914 303 2100 362 supra

212 382 654 459 demonstravi,
686 382 853 440 hunc
880 379 1031 442 Julii
1048 380 1324 440 Caesaris
1355 399 1791 460 percussorem
1816 400 1853 440 a
1879 400 2098 440 mense

210 480 571 562 Septembri
614 480 760 539 anni
801 479 875 538 U.
921 478 992 538 C.
1033 481 1178 538 710.
1234 485 1542 558 perpetuo
1585 480 1786 539 Roma
1827 477 2098 538 abfuisse

207 600 487 660 moxque
530 580 892 637 damnatum
934 596 1074 636 esse
1103 577 1250 657 lege
1279 575 1472 637 Pedia
1501 583 1566 638 et
1591 578 1764 638 omni
1791 576 2099 637 redeundi

207 678 569 766 impunitate
638 674 974 753 privatum.
1101 674 1501 755 Quapropter
1581 675 1854 735 dubitari
1929 675 2093 754 licet,

203 797 362 836 num
405 775 466 834 ei
509 773 680 851 apud
718 770 900 831 Sext.
931 768 1302 854 Pompejum
1346 779 1408 832 et
1434 773 1520 832 M.
1549 774 1895 834 Antonium
1924 794 2096 833 com-

202 872 475 934 moranti
531 870 787 931 0111111110
843 869 1230 930 innotuerint
1284 870 1600 950 primitiae
1661 873 1807 933 illae
1862 872 2095 954 ingenii

203 970 553 1045 Horatiani,
623 968 870 1034 Satirae
913 966 1095 1028 Libri
1153 964 1389 1049 primi?
1449 967 1529 1028 Et
1569 969 1704 1047 fac,
1763 991 1867 1031 eas
1910 972 2096 1031 inno-

202 1071 394 1130 tuisse
424 1068 531 1127 illi
574 1073 669 1144 et,
730 1087 874 1127 cum
916 1067 1407 1148 displicuissent,
1461 1069 1668 1149 palam
1708 1071 2094 1151 improbatas

201 1169 707 1249 vituperatasque
751 1166 829 1226 ab
888 1186 965 1226 eo
1011 1186 1186 1243 esse,
1244 1167 1415 1226 unde
1458 1167 1580 1228 1100
1622 1170 1916 1230 rescierat
1957 1169 2091 1230 Ho-

200 1269 392 1329 ratius
408 1313 428 1345 ,
483 1274 550 1328 et
593 1267 747 1347 quid
791 1285 1049 1325 caussae
1093 1272 1258 1341 erat,
1300 1271 1374 1324 ut
1415 1266 1655 1327 viventi
1687 1267 1747 1327 ei
1783 1275 2092 1349 parceret,

198 1388 272 1428 ac
327 1372 652 1428 mortuum
707 1366 964 1424 demum
1018 1365 1469 1447 perstringeret
1511 1363 1776 1447 ejusque
1819 1369 2095 1449 sepultu-

197 1488 339 1527 ram
378 1466 592 1526 irrisui
635 1459 941 1524 haberet?
1000 1463 1094 1550 Ita
1129 1464 1300 1524 enim
1342 1465 1556 1524 statuit
1586 1464 1905 1547 Spohnius
1923 1512 1942 1544 ,
1987 1487 2095 1527 re-

195 1567 442 1627 ferente
507 1564 735 1626 Jahnio
794 1564 873 1624 ad
937 1563 1177 1623 Horatii
1235 1562 1368 1625 Sat.
1411 1565 1494 1623 X.
1556 1585 1617 1626 v.
1669 1567 1772 1626 61.
1829 1589 1893 1646 p.
1946 1568 2091 1627 261.

198 1667 300 1726 ed.
345 1669 442 1726 2.:
486 1662 759 1741 „Jocans
803 1659 938 1745 ejus
979 1668 1253 1723 mortem
1282 1663 1568 1743 respicit:
1611 1663 1733 1724 hoc
1762 1666 1900 1746 ipso
1932 1672 2093 1727 tem-

194 1785 351 1847 pore
393 1764 562 1824 fama
581 1816 583 1825 ὲ
603 1761 728 1823 fert
743 1805 762 1835 ,
836 1762 1118 1822 Cassium
1173 1762 1581 1822 interfectiun
1639 1764 1765 1824 suis
1809 1764 1983 1825 libris
2023 1766 2092 1824 in

194 1885 421 1946 rogum
478 1861 815 1923 exstructis
875 1882 1014 1922 esse
1058 1863 1483 1922 ambustmn.“
1582 1861 1844 1924 Adeone
1886 1864 2090 1924 Hora-

198 1964 361 2023 tium
389 1960 518 2045 jam
552 1982 716 2022 anno
746 1962 818 2021 U.
841 1960 909 2021 C.
939 1964 1084 2022 723.
1124 1962 1396 2022 oblitum
1422 1981 1556 2022 esse
1594 1963 1872 2037 sceleriS,
1919 1965 2092 2043 quod

191 2063 326 2143 ipse
370 2082 533 2122 anno
570 2062 642 2121 U.
678 2059 746 2121 C.
774 2063 919 2120 712.
966 2061 1336 2137 admiserat,
1397 2082 1572 2121 arma
1613 2061 1820 2123 serens
1865 2072 2087 2123 contra

192 2162 589 2223 Triumviros
603 2203 623 2236 ,
684 2160 873 2220 occisi
930 2159 1263 2220 Dictatoris
1325 2161 1593 2238 ultores,
1663 2167 1734 2221 ut
1774 2158 2090 2243 jocaretur

193 2262 274 2322 de
333 2259 568 2321 infelici
624 2266 795 2320 sorte
840 2259 1280 2320 commilitonis
1323 2259 1477 2320 boni
1521 2281 1594 2321 ac
1634 2260 1814 2322 fortis
1830 2306 1850 2338 ,
1916 2268 1981 2322 et
2023 2269 2090 2322 ut

190 2361 310 2421 hac
353 2361 578 2420 acerba
632 2359 922 2419 irrisione
979 2359 1256 2438 quodam
1304 2360 1496 2418 modo
1538 2360 1747 2440 palam
1787 2361 2090 2442 probaret

193 2458 472 2519 Caesaris
533 2457 859 2520 Octaviani
914 2457 1170 2518 crudele
1228 2453 1511 2518 factum?
1568 2492 1656 2502 —
1720 2458 1796 2519 Id
1837 2466 1910 2520 ut
1953 2481 2089 2522 cre-

193 2559 372 2636 dam,
432 2559 608 2618 nullo
652 2578 956 2638 umquam
996 2563 1177 2637 pacto
1222 2578 1259 2617 a
1301 2577 1407 2619 me
1449 2558 1684 2639 poterit
1726 2559 2084 2640 impetrari!

358 2656 582 2737 Itaque
628 2657 872 2718 Cassius
896 2657 1198 2718 Etruscus
1238 2658 1345 2718 ille
1381 2677 1590 2738 neque
1613 2664 1709 2718 est
1736 2679 1853 2719 nec
1881 2645 2099 2739 potest

190 2776 327 2818 esse
355 2755 710 2819 Parmensis
755 2756 1022 2817 Cassius.
1107 2755 1236 2817 Iste
1274 2757 1578 2817 irridetur
1619 2763 1684 2818 et
1723 2762 1896 2818 tanto
1941 2777 2088 2818 cum

192 2861 554 2936 contemptu
594 2862 1014 2932 memoratur,
1080 2862 1149 2916 ut
1191 2863 1514 2939 appareat,
1575 2878 1721 2918 eum
1762 2856 2086 2917 hominem

190 2956 532 3017 obscurum
575 2960 641 3014 et
681 2955 1026 3037 ignobilem
1067 2954 1260 3017 fuisse
1302 2976 1514 3037 neque
1543 2956 1673 3017 ullo
1703 2955 1912 3016 officio
1940 2977 2086 3017 cum

187 3054 449 3116 Horatio
507 3051 946 3136 conjunctum3
1015 3055 1118 3116 hic
1175 3055 1412 3116 eximie
1467 3056 1780 3117 laudatur.
1876 3055 2084 3136 Atque

188 3174 264 3214 ea
320 3155 456 3213 laus
510 3153 633 3234 ipsi
686 3153 947 3214 Horatio
1004 3160 1096 3216 est
1155 3175 1405 3216 summo
1464 3155 1678 3216 decori
1735 3160 1924 3236 atque
1979 3176 2084 3215 or-

188 3258 522 3313 namento:
565 3252 862 3312 tribuitur
905 3255 1075 3314 enim
1117 3259 1263 3336 post
1303 3260 1578 3315 mortem
1618 3253 1671 3314 si
1699 3275 1829 3314 non
1857 3254 2080 3330 amicO,

190 3357 358 3412 certe
414 3351 825 3412 commilitoni
883 3357 1136 3413 strenuo
1181 3360 1244 3414 et
1283 3353 1588 3426 libertatis
1632 3353 2079 3428 amantissimO,

183 3456 252 3510 et
308 3451 582 3534 ingenuo
642 3471 788 3513 cum
855 3451 1066 3512 animo
1128 3452 1503 3513 instauratur
1557 3453 1867 3515 memoria
1921 3448 2079 3533 ejus,

186 3550 329 3631 qui,
405 3571 551 3611 cum
608 3550 828 3612 fuisset
879 3550 1042 3611 inter
1096 3550 1247 3612 Julii
1308 3551 1588 3615 Caesaris
1659 3570 2078 3636 percussoreS,
