2236 3932
235 165 321 227 48
824 183 906 223 nn
951 184 1012 224 1..
1045 182 1252 225 vnuo
1297 181 1539 223 POETA,

236 341 362 402 quo
403 320 546 382 loco
591 318 779 381 simul
818 319 1052 380 blande
1094 323 1398 378 testatum
1439 316 1624 394 facit,
1680 319 1902 399 quanti
1944 320 2134 381 aesti-

233 426 364 480 met
387 418 651 483 Varium
690 420 965 479 amicum
979 463 1000 494 ,
1047 415 1222 498 cujus
1264 417 1662 497 potissimum
1685 418 2133 480 intercessione

235 524 302 579 et
340 539 533 600 opera
575 517 811 578 factum
853 522 1017 592 erat,
1060 522 1134 574 ut
1175 534 1285 592 ea,
1343 516 1443 576 cui
1482 517 1922 595 invidebatur,
1964 518 2133 580 vitae

233 618 507 681 conditio
549 616 672 698 ipsi
715 616 1094 696 obtingeret.

352 721 354 730 ’
406 715 724 795 Quidquid
766 714 881 774 otii
905 713 1167 774 Horatio
1199 716 1605 796 suppetebat,
1649 715 1717 775 id
1747 716 2135 777 excolendae

233 816 353 878 arti
411 815 695 897 poeticae
753 812 1086 892 impendit.
1200 813 1432 877 Pauca
1459 816 1713 896 scripsit
1769 821 1832 876 et
1892 835 2136 875 summa

237 937 382 978 cum
426 934 609 986 c1n·a;
678 911 884 971 multa
926 932 963 972 e
1008 911 1266 974 Graecis
1311 915 1656 981 convertit:
1712 915 1780 974 id
1823 916 1994 995 quod
2034 914 2136 974 in-

231 1014 456 1097 primis
500 1011 739 1071 dictum
780 1010 929 1073 volo
975 1010 1055 1071 de
1099 1012 1514 1090 carminibus,
1574 1011 1913 1094 inquibus
1957 1033 2136 1074 amo-

232 1134 338 1174 res
394 1112 804 1173 celebrantur.
905 1108 1199 1171 Perrexit
1241 1132 1623 1192 componere
1673 1113 1915 1173 iambos
1927 1156 1947 1189 ,
1994 1112 2138 1193 qui-

232 1213 352 1272 bus
366 1255 386 1288 ,
429 1209 851 1271 Archilochici
891 1207 1056 1270 fellis
1099 1211 1303 1291 plenis
1316 1255 1337 1288 ,
1381 1232 1498 1292 per
1537 1212 1697 1298 illud
1738 1217 1984 1292 tempus
2022 1232 2138 1273 ve·
2227 1272 2236 1276 r

233 1311 501 1373 neficam
543 1310 881 1391 quamdam
921 1311 1295 1388 mulierem,
1359 1310 1714 1387 Canidiam,
1772 1312 2137 1394 exagitavit.

233 1410 566 1472 Maecenas
625 1409 797 1470 enim
837 1410 908 1469 in
962 1415 1181 1470 monte
1222 1408 1588 1491 Esquilino,
1646 1430 1836 1491 quem
1879 1429 2141 1490 accepe-

233 1516 355 1588 rat,
401 1510 590 1570 aedes
620 1509 900 1570 condidit
928 1514 989 1568 et
1016 1509 1298 1570 hortum.
1383 1509 1463 1569 In
1493 1530 1622 1590 quo
1651 1530 1797 1570 cum
1821 1509 1901 1587 ad
1927 1508 2140 1591 Priapi

237 1616 512 1672 statuam
556 1608 814 1670 Canidia
858 1629 1004 1670 cum
1031 1607 1279 1691 Sagana
1319 1607 1695 1681 veneficium
1726 1609 2137 1685 exercuisset,

234 1710 305 1771 id
348 1709 593 1783 Satirae
636 1717 904 1768 octavae
942 1706 1126 1766 Libri
1151 1707 1203 1767 I.
1248 1713 1687 1791 argumentum
1742 1706 1923 1784 fecit,
1979 1727 2140 1788 quae

233 1830 365 1871 non
405 1808 609 1868 multo
650 1811 796 1888 post
835 1826 1071 1867 nonam
1102 1806 1338 1887 scripta
1382 1827 1518 1868 esse
1560 1807 1832 1869 videtur.
1921 1805 2139 1867 Serius

238 1914 453 1971 autem
486 1911 788 1967 exaratae
828 1911 974 1966 sunt
1017 1906 1072 1966 si
1099 1926 1228 1966 non
1246 1927 1480 1968 ,omnes
1510 1906 1577 1966 in
1600 1907 1784 1967 istam
1808 1906 2140 1967 mulierem
2234 1903 2236 1907 ’

236 2007 480 2090 Epodi,
563 2011 735 2068 certe
788 2004 1043 2086 Epodos
1091 2003 1337 2082 XVII„
1412 2006 1493 2066 in·
1554 2003 1729 2088 cujus
1797 2027 1990 2069 versu
2035 2002 2140 2066 56.

236 2128 342 2168 res
377 2106 710 2187 respicitur
751 2105 860 2166 illa
874 2150 895 2182 ,
940 2106 1020 2166 de
1065 2125 1191 2185 qua
1223 2102 1499 2166 Satiram
1528 2112 1815 2167 octavam
1843 2106 2143 2186 scriptam

237 2227 378 2268 esse
423 2206 722 2266 diximus».
807 2204 978 2266 Haec
1019 2205 1208 2288 igitur
1252 2205 1559 2282 carmina,
1603 2204 1671 2264 in
1702 2205 1926 2286 quibus
1953 2222 2142 2264 omne

239 2304 597 2369 acerbitatis
650 2305 824 2368 virus
881 2310 1282 2382 evomuerat,
1352 2325 1470 2386 per
1527 2325 1727 2365 annos
1768 2304 1843 2364 U.
1886 2303 1956 2364 G.
1990 2303 2142 2364 719.

240 2411 308 2467 et
348 2409 390 2466 7
393 2407 498 2466 20.
542 2404 773 2485 scripta
815 2404 1113 2467 videntur
1155 2411 1221 2466 et
1263 2405 1622 2488 singldatim
1663 2403 1999 2486 publicata.

366 2505 539 2566 Haec
583 2504 887 2564 acerbitas
948 2505 1300 2567 carminum
1355 2511 1418 2566 et
1460 2510 1639 2565 aucta
1679 2503 1746 2564 in
1791 2503 1925 2570 dies
1967 2502 2142 2564 Mae-

243 2604 477 2667 cenatis
521 2603 715 2687 gratia
768 2625 901 2665 non
955 2609 1241 2685 poterant
1302 2605 1458 2685 quin
1498 2605 1842 2664 multorum
1884 2602 1944 2663 ei
1989 2624 2144 2663 con-

240 2704 468 2766 flarent
509 2703 1015 2766 malevolentiam
1071 2703 1198 2785 ipsi
1238 2704 1541 2764 natalilun
1582 2702 2038 2787 ignobilitatem
2081 2706 2144 2762 et

243 2804 657 2867 ambitionem
699 2803 1246 2885 exprobrantium.
1340 2801 1717 2887 Huiusmodi
1760 2800 2145 2861 criminatio-

243 2925 360 2966 nes
432 2909 885 2986 permoverunt
957 2922 1142 2981 eum,
1207 2909 1278 2964 ut
1333 2901 1536 2964 Satira
1589 2901 1772 2962 Libri
1808 2899 1883 2966 I..
1930 2909 2142 2977 sexta,

244 3024 438 3086 quam
495 3023 660 3073 anno
716 3002 792 3063 U.
833 3001 903 3062 C.
948 3006 990 3063 7
993 3004 1096 3063 21.
1165 3002 1421 3064 ineunte
1492 2999 1815 3081 scripsisse
1871 2999 2142 3074 videtur,

245 3103 418 3164 haud
482 3100 712 3164 minori
770 3102 1045 3164 candore
1102 3123 1295 3183 quam
1335 3101 1688 3162 urbanitate
1730 3120 1860 3160 non
1901 3104 2146 3158 tantum

250 3212 437 3265 suam‘
470 3202 668 3283 ipsius
708 3201 902 3262 vitam
938 3223 1278 3284 moresque
1320 3202 1741 3283 exprimeret,
1785 3199 1897 3259 sed
1933 3198 2142 3272 etiam,

251 3302 363 3383 qui
416 3307 585 3363 esset
625 3299 1002 3362 Maecenatis
1055 3302 1125 3361 in
1181 3302 1483 3385 eligendis
1537 3300 1752 3365 amicis
1795 3298 2035 3358 animus
2079 3301 2146 3356 et

252 3401 477 3462 modus
491 3445 512 3478 ,
585 3421 730 3462 cum
787 3421 1032 3464 summa
1080 3401 1332 3482 patroni
1388 3401 1487 3461 sui
1542 3400 1728 3464 laude
1772 3401 2143 3478 exponeret.

253 3498 332 3559 In
373 3499 496 3562 hoc
538 3501 792 3585 egregio
836 3501 1140 3577 carmine,
1207 3502 1377 3582 quod
1418 3502 1696 3581 prudens
1738 3496 1859 3578 ipsi
1899 3494 2147 3554 Maece-

255 3599 386 3661 nati
438 3600 795 3684 inscripsit,
863 3601 1060 3665 veluti
1114 3599 1181 3661 in
1238 3601 1448 3662 tabula
1506 3599 1813 3682 depictam
1854 3595 2147 3657 videbant
