2236 3932
837 199 1176 243 Excunsus
1223 202 1270 239 1.
1890 178 2013 239 137

14 423 18 427 Δ
120 346 201 406 ad
242 365 306 407 v.
339 346 402 404 7.
445 341 796 423 appellatur
815 339 1172 421 Pompeius
1204 334 1562 419 Grosphus,
1606 341 1669 397 et
1693 333 1732 397 J
1734 356 1827 397 ac.
1855 335 2016 397 Cru-

118 445 302 525 quius
342 443 504 502 hanc
548 439 756 501 Odam
795 438 1148 520 inscripsit:
1201 436 1363 515 „Ad
1401 437 1782 517 Pompeium
1818 435 2019 496 Gros-

109 543 324 624 phum
338 545 407 618 ‚“
448 541 544 600 uti
596 539 790 600 etiam
829 538 1083 599 invenit
1110 538 1180 598 in
1224 536 1423 600 Codd.
1468 534 2019 616 Vanderbourgius

121 641 259 701 Vol.
275 639 327 699 Ι.
349 662 413 721 p.
429 641 577 700 422.
617 638 763 700 Jam
791 636 896 697 hic
910 637 1253 720 Pompeius
1277 637 1435 718 quin
1458 635 1631 696 idem
1654 635 1736 694 sit
1748 636 2020 715 Pompe-

110 741 224 817 ius
260 738 639 819 Grosphus,
684 735 794 816 qui
821 735 991 798 Iccio
1024 737 1501 798 commendatur
1515 779 1534 812 ,
1581 733 1873 795 dubitare
1900 751 2021 792 nos

118 843 332 901 vetant
356 836 476 898 Od.
507 858 561 898 c.
605 858 666 899 v.
695 836 801 895 33.
828 857 969 915 sqq.
985 879 1004 911 ,
1050 855 1130 896 ex
1163 836 1392 917 quibus
1417 834 1765 918 colligimus
1780 876 1799 908 ‚
1843 831 2022 892 illmn

119 957 374 1020 magnas
432 943 498 998 et
551 935 791 1017 amplas
846 935 914 994 in
966 933 1181 995 Sicilia
1234 935 1532 995 habuisse
1573 931 2021 1014 possessione&

119 1038 220 1096 Ab
254 1035 413 1097 Silio
438 1036 637 1097 Italic.
664 1035 825 1095 Pun.
856 1033 1033 1094 Libr.
1057 1032 1231 1094 XIV.
1274 1055 1335 1097 v.
1365 1036 1510 1095 211.
1553 1032 1810 1115 fingitur
1839 1028 2024 1112 Agri-

120 1136 531 1219 gentinorum·
568 1136 703 1195 dux
733 1134 927 1194 fuisse
961 1133 1300 1214 Grosphus
1341 1131 1625 1213 quidam,
1670 1131 1853 1208 cujus
1880 1148 2027 1190 cae-

121 1235 264 1296 lata
314 1235 578 1314 gerebat
628 1235 930 1295 Taurum
971 1253 1213 1313 parma
1254 1241 1535 1303 trucem,
1587 1250 1847 1311 poenae
1885 1246 2029 1287 mo-

120 1334 416 1395 nimenta
456 1343 771 1395 vetustae.
858 1330 936 1390 In
963 1329 1489 1409 Inscriptionibus
1517 1329 1788 1390 vetustis
1826 1328 2030 1389 Gros-

112 1432 244 1516 phi
293 1454 561 1510 nomen,
618 1431 792 1513 quod
848 1430 1074 1504 sciam,
1125 1449 1259 1488 non
1302 1427 1610 1488 occurritz
1666 1427 1838 1508 quod
1882 1446 2029 1487 cum

122 1534 377 1616 originis
408 1532 687 1593 Graecae
715 1530 816 1603 sit,
858 1527 1113 1587 induxit
1136 1526 1498 1603 nonnulloS‚
1527 1532 1598 1587 ut
1625 1527 1806 1587 illum
1833 1527 2031 1588 Pom-

121 1634 340 1714 pesum
370 1630 772 1712 Grosphum,
815 1628 1116 1687 libertum
1162 1623 1455 1709 Pompeii
1496 1627 1706 1710 Magni
1746 1631 1814 1686 et
1856 1644 2032 1686 com-

122 1731 510 1807 militonem,
569 1727 685 1792 ἇπὸ
723 1733 792 1786 τῦ
841 1726 1061 1802 γρόσφθ
1120 1725 1190 1786 Ιι.
1232 1746 1290 1786 e.
1348 1745 1385 1785 a
1443 1725 1572 1806 pilo
1631 1725 2033 1798 nominatum

121 1836 436 1912 putarent.
536 1828 698 1888 Huic
740 1826 1088 1889 sententiae
1148 1826 1422 1885 multum
1466 1823 2030 1887 commendationis

124 1931 382 1992 adderet
420 1928 764 2010 Pompejas
803 1927 929 2004 ille,
975 1927 1079 1988 cui
1120 1924 1300 1985 Libr.
1328 1924 1412 1985 H.
1459 1924 1600 1986 Oda
1626 1929 1689 1986 7.
1733 1923 2034 2004 inscripta

124 2016 283 2107 est.
323 2030 379 2090 si
435 2036 607 2090 certo
667 2034 1012 2104 constaret,
1085 2027 1387 2087 eumdem
1454 2023 1746 2108 Grosphi
1795 2043 2037 2106 cogno·

124 2131 297 2192 mine
355 2130 595 2190 dictmn
648 2146 803 2189 esse.
916 2126 1034 2188 Ille
1063 2159 1067 2163 ·
1093 2126 1267 2187 enim
1308 2126 1554 2187 Horatii
1608 2126 1678 2185 in
1719 2124 1806 2184 M.
1850 2121 2034 2182 Bruti

127 2231 343 2291 castris
386 2229 732 2290 commilito
775 2232 919 2308 post
944 2246 1217 2309 pugnam
1242 2225 1713 2307 Philippensem
1740 2225 1821 2284 ad
1847 2221 2032 2283 Sext.

126 2326 502 2411 Pompejmn
542 2329 609 2389 in
640 2326 923 2394 Siciliam
956 2323 1235 2409 trajecit,
1280 2326 1506 2387 ductus
1547 2324 1816 2387 fortasse
1842 2323 2036 2384 Pom-

129 2427 258 2511 peji
310 2428 523 2511 Magni
587 2427 817 2488 studio.
929 2426 1107 2486 Hanc
1166 2426 1545 2487 sententiam
1603 2423 1858 2506 copiose
1888 2466 1891 2473 ι
1922 2422 2036 2483 ad·-

129 2539 379 2590 struere
435 2534 692 2589 conatus
746 2532 844 2586 est
903 2524 1275 2586 Sanadonus
1289 2570 1309 2603 ,
1364 2525 1738 2606 invenitque
1778 2523 2034 2598 multOS‚

130 2630 239 2711 qui
282 2648 607 2689 assensum
647 2626 1058 2707 praeberent,
1104 2625 1171 2684 in
1212 2626 1311 2686 his
1346 2626 1535 2688 etiam
1566 2624 1636 2686 C.
1664 2622 2036 2684 Passovium

129 2730 196 2790 in
219 2730 293 2807 Q.
310 2725 589 2789 Horatii
606 2725 762 2790 Vita
789 2747 850 2806 p.
866 2724 1166 2785 XXXVI.
1210 2723 1284 2785 N.
1315 2726 1458 2786 101.
1543 2723 1792 2785 Verum
1820 2728 2036 2782 tamen

131 2829 540 2890 adversantur
597 2826 871 2907 primum
926 2824 1111 2886 multi
1171 2823 1371 2885 Codd.
1430 2823 1610 2900 Msti,
1681 2823 1750 2883 in
1801 2821 2034 2902 quibus

133 2928 354 2988 titulus
397 2926 657 3009 legitur:
715 2923 832 2986 Ad
872 2924 1252 3006 Pompeium
1299 2923 1556 2987 Varum
1599 2922 1733 2985 sive
1774 2920 2033 2983 vitiosez

134 3021 251 3087 Ad
292 3024 683 3107 Pompilium
730 3025 1008 3087 Varum.
1095 3019 1297 3107 Hujus
1344 3022 1762 3105 inscriptionis
1803 3018 2036 3083 veritas

138 3123 487 3186 suffinlcitur
545 3125 1038 3186 Scholiastarum
1103 3123 1469 3185 auctoritate
1535 3122 1800 3184 minime
1858 3117 2036 3199 parvi

139 3225 440 3285 facienda.
554 3224 713 3285 Nam
775 3225 988 3283 Acron
1054 3224 1134 3284 ad
1189 3223 1255 3284 h.
1316 3224 1361 3283 l.
1435 3221 1604 3299 „Ad
1658 3218 2037 3300 Pompeium

146 3323 437 3397 Varum,
494 3324 732 3405 inquit,
794 3321 1044 3398 scribit,
1112 3325 1410 3402 gaudens
1470 3323 1546 3383 ob
1604 3321 1741 3399 ejus
1796 3316 1870 3378 ‘in
1910 3338 2038 3398 pa-

141 3422 339 3482 triam
381 3421 664 3483 reditum
675 3428 749 3496 ,·“
808 3429 873 3483 et
918 3420 1296 3485 Scholiastes
1340 3423 1566 3501 Cruq.:
1622 3415 1903 3494 „Scribit
1946 3417 2038 3476 ad

141 3523 524 3603 Pompeium
571 3522 825 3585 Varum
838 3564 862 3596 ,
915 3523 1267 3600 gratulans
1319 3521 1384 3582 ei
1418 3520 1490 3581 ’ἰη
1530 3516 1824 3602 patriam
1862 3514 2038 3577 redi-

144 3627 354 3681 tum.“
437 3621 680 3684 Horum
729 3621 1157 3686 testimonium
1199 3628 1266 3684 et
1322 3620 1513 3682 fidem
1566 3617 1797 3682 merito
1838 3614 2039 3679 secuti
