2236 3932
229 139 350 200 186
829 152 911 193 m:
958 152 1182 195 CAssm
1217 151 1582 194 PARMENsl.

222 272 435 348 Cassio
468 288 707 349 Severo
736 287 846 348 illo
869 287 958 346 ita
984 286 1280 367 loquitur,
1322 293 1395 347 ut
1424 307 1571 348 eum
1605 288 1807 349 multo
1835 293 1980 350 ante
2006 291 2114 351 vi-

222 386 466 447 tellium
495 386 730 448 vixisse
762 390 1076 466 appareat.
1145 383 1608 459 „Vitelliorum
1633 386 1973 466 originem,
2015 389 2116 449 in-

215 485 388 568 quit,
432 483 556 546 alii
591 482 796 543 aliam
836 492 895 542 et
935 482 1190 564 quidem
1217 483 1725 547 diversissimam
1738 531 1762 563 ‚
1805 490 2114 549 tradunt.-

218 583 468 667 partim
521 593 796 643 veterem
851 591 912 640 et
965 581 1275 658 nobilem,
1334 584 1593 666 partim
1662 607 1818 647 vero
1874 607 2118 647 nova-m

219 693 282 744 et
349 683 718 756 obscuram,
791 690 986 762 atque
1055 680 1252 742 etiam
1312 685 1683 746 sordidam.-
1755 687 1929 768 quod
2001 708 2116 765 ego

213 805 335 866 per
402 783 782 842 adulatores
853 780 1423 865 obtrectatoresque
1491 783 1922 867 Imperatoris
1999 784 2118 848 Vi-

219 881 383 942 telli-i
421 877 698 939 evenisse
739 879 1082 961 opinarer,
1125 881 1261 942 nisi
1297 881 1630 965 aliquanto
1663 884 1857 967 prius
1883 884 1963 944 de
1982 885 2116 966 sa·

217 978 436 1042 miliae
491 978 855 1039 conditione
909 978 1249 1041 variatum
1303 985 1535 1043 esset.“
1640 984 1887 1045 Deinde
1940 1005 2116 1044 oom-

216 1083 567 1140 memorato
612 1079 687 1154 Q.
724 1078 974 1162 Eulogii
1029 1076 1351 1164 eujusdam
1396 1084 1475 1142 ad
1518 1084 1590 1159 Q.
1625 1084 1942 1144 Vitellium
1956 1126 1975 1159 ,
2034 1084 2115 1144 D.

210 1177 480 1260 Augusti
526 1178 942 1254 Quaestorem
981 1179 1233 1257 libello,
1288 1181 1358 1241 in
1401 1204 1528 1263 quo
1582 1183 1784 1265 gentis
1827 1182 2118 1244 Vitelliae

216 1283 494 1340 vetustas
538 1283 602 1338 et
643 1278 935 1340 nobilitas
981 1279 1292 1358 declarata
1336 1289 1527 1358 esset,
1589 1283 1822 1365 pergit:
1885 1291 2118 1342 contra

208 1378 438 1460 plures
510 1387 844 1438 auctorem
903 1378 1158 1455 generis
1229 1379 1594 1440 libert-inum
1665 1379 2117 1463 prodiderunt.

214 1471 487 1540 Cassius
514 1480 810 1550 Severus,
851 1498 969 1537 nec
992 1476 1210 1539 minus
1238 1478 1394 1553 alii,
1439 1481 1708 1540 eundem
1739 1489 1800 1539 et
1836 1489 2120 1540 sutorem

220 1575 842 1637 veterameutarium
869 1598 954 1638 se.
983 1578 1413 1658 prodiderunt.
1469 1578 1775 1659 Apertum
1799 1584 1920 1656 est,
1967 1578 2119 1639 Cas-

215 1675 381 1738 sium
424 1674 739 1739 Severum
780 1697 817 1737 a
846 1675 1154 1738 Suetonio
1195 1699 1326 1738 non
1356 1663 1837 1739 commemorari
1863 1684 1932 1738 ut
1964 1677 2120 1738 seri-

215 1781 468 1857 ptorem
484 1819 505 1852 ,
550 1775 661 1856 qui
701 1774 960 1836 Vitellio
1003 1778 1259 1836 demum
1300 1784 1550 1838 mortuo
1592 1778 1752 1837 haee
1794 1777 2120 1838 tradiderit

217 1875 606 1950 memoriae,
672 1875 787 1935 sed
830 1875 939 1956 qui
979 1871 1107 1958 jam
1150 1877 1302 1937 olim
1346 1878 1424 1938 de
1456 1884 1640 1959 geute
1670 1876 1921 1937 Vitellia
1947 1873 2120 1959 ejus-

216 1994 344 2055 que
413 1974 676 2057 ignobili
743 1980 1003 2036 auotore
1060 1977 1447 2056 exposuerit.
1552 1977 1892 2037 Declarare
1948 1976 2121 2037 enim

215 2074 416 2137 voluit
431 2117 452 2151 ,
522 2074 840 2155 aliquanto
893 2075 1069 2156 prius
1083 2119 1105 2151 ,
1179 2096 1370 2156 quam
1435 2075 1724 2136 Vitellius
1765 2075 2121 2156 Imperator

215 2173 423 2251 fieret,
470 2175 548 2234 de
574 2173 846 2235 familiae
877 2174 1234 2250 conditione
1258 2176 1573 2237 variatum
1598 2195 1758 2237 esse.
1844 2175 2120 2236 Proinde

217 2274 292 2350 Q.
335 2273 674 2356 Eldogium
715 2272 990 2354 profert,
1063 2274 1172 2354 qui
1213 2273 1608 2336 Vitelliorum
1652 2274 1958 2357 originem
1999 2294 2120 2334 no-

216 2372 412 2434 bilem
455 2393 628 2450 esse,
686 2379 752 2434 et
809 2373 1093 2434 Cassium
1137 2373 1482 2450 Severum,
1538 2375 1650 2455 qui
1708 2393 1849 2433 eam
1892 2374 2122 2434 obscu-

219 2492 358 2534 ram
408 2479 598 2554 atque
642 2474 833 2535 etiam
877 2474 1197 2535 sordidam
1248 2474 1315 2533 in
1358 2475 1570 2556 aliquo
1612 2475 1777 2534 libro
1821 2473 2122 2555 prodidee-

217 2578 346 2650 rat,
420 2579 761 2655 utrumque
819 2580 1028 2635 autem
1083 2574 1264 2655 ponit
1314 2580 1638 2655 tamquam
1683 2572 2014 2654 primarios
2055 2577 2123 2632 et

217 2673 684 2754 antiquissimos
727 2674 1139 2756 discrepantis
1196 2674 1373 2735 istius
1418 2674 1766 2735 sententiae
1809 2677 2120 2733 auctores.

219 2772 384 2835 Nihil
411 2773 603 2856 igitur
646 2774 851 2834 obstat
877 2795 1003 2856 quo
1045 2775 1254 2835 minus
1298 2774 1469 2835 hune
1498 2773 1781 2834 Cassium
1810 2770 2122 2833 Severum

220 2872 520 2934 faciamus
578 2875 906 2953 aequalem
951 2874 1028 2956 Q.
1072 2873 1353 2958 Eulogii,
1413 2894 1604 2954 quem
1659 2873 1775 2935 sub
1832 2871 2119 2952 Augusto

220 2973 454 3036 vixisse
479 2972 818 3034 Suetonius
863 2979 1206 3035 attestatur.
1291 2971 1578 3056 Maffejus
1620 2973 1788 3032 hune
1830 2970 1896 3029 in
1942 2989 2122 3030 erro-

218 3094 359 3134 rem
412 3073 631 3134 incidit
684 3073 898 3153 paullo
958 3074 1241 3155 cupidius
1281 3074 1366 3134 de
1410 3073 1621 3132 Cassio
1663 3070 1959 3131 historico
2004 3089 2120 3128 suo

222 3174 579 3254 disputanS,
649 3192 769 3233 neo
823 3173 1018 3250 vidit,
1094 3174 1185 3234 ita
1244 3172 1495 3233 detrudi
1549 3171 1730 3230 illum
1783 3187 1985 3251 paene
2042 3168 2122 3227 ad

222 3279 490 3335 aetatem
530 3270 832 3333 Herennii
875 3270 1130 3349 Severi,
1174 3272 1283 3353 qui
1308 3271 1582 3331 Plinium
1610 3273 1939 3353 rogaverat
1962 3266 2121 3326 ima-

222 3372 398 3456 gines
457 3371 730 3434 Cornelii
786 3371 1040 3452 Nepotis
1112 3378 1177 3432 et
1236 3371 1366 3432 Titi
1423 3370 1638 3432 Cassii.
1753 3367 1909 3449 Quis
1966 3383 2118 3426 vero

226 3472 524 3536 credibile
568 3492 704 3534 esse
751 3472 915 3532 dieat
925 3515 946 3548 ,
1002 3470 1388 3532 Herennium
1433 3469 1743 3531 Severum
1799 3461 2119 3546 scriptoris

227 3571 347 3632 sibi
400 3571 534 3634 fere
586 3572 863 3653 aequalis
918 3573 981 3632 et
1035 3590 1166 3631 non
1220 3571 1309 3631 ita
1365 3569 1514 3631 clari
1569 3567 1907 3650 imaginem
1963 3560 2118 3622 tanti
