2236 3932
643 232 726 272 nr.
771 230 997 273 CAssio
1042 227 1408 270 PARMENSI·
1699 243 1704 247 »
1860 207 1984 270 205

87 376 332 455 certum
387 369 545 430 mihi
595 368 849 432 videtur
905 386 987 428 ex
1026 363 1335 427 Diomede
1377 364 1772 426 emendanda
1811 385 1985 428 esse:

85 470 187 531 At
256 478 487 530 contra
539 465 880 547 Aegyptiis
946 462 1344 546 saci-{fidum
1398 483 1486 524 sc.
1543 469 1675 540 est,
1747 471 1813 524 et
1869 486 1988 546 pro

87 569 478 629 adoher-unt
519 565 923 626 scribendum
961 565 1412 624 adoleverunt.-
1455 580 1603 622 nam
1634 582 1671 622 a
1699 561 1987 625 Varrone

85 672 334 727 tantum
377 662 610 724 adolm‘
659 664 978 745 prolatum
1033 682 1174 724 esse
1215 661 1301 722 ait
1341 661 1715 722 PriscianuS.
1800 662 1989 743 Apud

84 765 456 827 Diomedem
496 782 617 845 pro
640 750 895 823 'Actius
938 761 1289 823 correxisse
1331 761 1717 822 Kordesimn
1768 761 1986 838 Titus,

86 882 278 943 supra
319 870 370 936 §.
403 863 466 923 4.
510 861 752 922 monui.
851 860 957 921 Me
1001 858 1268 922 offendit
1322 880 1736 941 praenomen,
1811 863 1990 943 quod

84 962 360 1023 otiosum
401 960 505 1021 hic
549 966 672 1021 est:
716 959 985 1020 fortasse
1027 960 1186 1020 latet
1219 962 1491 1021 Severus
1532 959 1828 1036 Cas-sius,-
1873 961 1985 1022 sed

84 1061 507 1142 exspectanda
532 1065 629 1120 est
653 1057 1077 1120 Lindemanni
1104 1078 1327 1118 manus
1353 1059 1774 1120 emendatrix.
1828 1059 1989 1121 Mihi

82 1180 215 1220 non
270 1160 534 1219 dubium
590 1165 689 1219 est
744 1159 896 1239 quin
949 1165 1226 1238 uterque
1271 1156 1733 1220 Grammaticus
1776 1160 1990 1242 singu-

84 1258 218 1319 lare
260 1260 581 1339 quoddam
624 1258 821 1319 Cassii
863 1258 1128 1320 oratoris
1170 1277 1327 1340 opus
1366 1257 1750 1335 laudaverit,
1814 1260 1989 1339 quod

87 1359 168 1419 ‹le
212 1359 477 1438 epistola
519 1358 599 1418 ad
644 1357 974 1417 Tiberium
1014 1355 1182 1417 male
1224 1355 1468 1436 accepit
1507 1353 1828 1438 Maffejus,
1884 1378 1991 1419 as·-

84 1457 396 1518 sentiente
424 1457 685 1535 Meyero
726 1457 794 1516 in
822 1454 1021 1517 Oratt.
1050 1455 1235 1516 Rom.
1265 1453 1513 1536 Fragm.
1555 1475 1619 1535 1).
1656 1458 1803 1517 229.
1885 1457 1990 1520 Ex
2032 1485 2034 1488 ·
2074 1473 2077 1476 ·

83 1556 267 1616 Plinii
287 1556 363 1617 N.
388 1556 466 1615 Η.
489 1555 666 1615 Libr.
681 1555 942 1616 XXXV.
973 1573 1159 1635 supra
1187 1554 1599 1631 ostendimus,
1644 1555 1824 1616 illum
1849 1577 1992 1618 ora-

84 1661 291 1716 torem
335 1655 415 1715 de
457 1654 747 1737 Aegypto
805 1653 1149 1735 scripsisse.
1247 1651 1447 1732 quue
1506 1674 1663 1735 opus
1720 1653 1990 1717 fortasse

84 1753 455 1835 composuit,
500 1775 646 1815 cum
671 1754 982 1836 relegatus
1013 1753 1081 1812 in
1109 1751 1312 1812 insula
1341 1751 1524 1813 Creta
1554 1754 1842 1837 degeret,
1884 1754 1990 1815 in-

83 1853 458 1935 scripsitque
513 1852 775 1913 Tiberio
830 1851 1237 1934 Imperatori,
1307 1872 1434 1933 quo
1491 1872 1561 1913 se
1616 1852 1685 1912 in
1726 1853 1988 1937 gratiam

84 1949 221 2035 ejus
263 1951 613 2012 insinuaret
654 1957 719 2012 et
758 1951 1069 2013 redeundi
1110 1950 1359 2013 veniam
1385 1952 1791 2034 impetraret:
1829 1951 1986 2015 Non

81 2051 279 2134 magis
322 2071 409 2112 ex
450 2052 715 2133 epistola
758 2057 1083 2133 sumptum
1125 2069 1266 2112 esse
1307 2057 1463 2133 puto
1508 2053 1679 2134 quod
1704 2052 1987 2136 'legimus

82 2151 251 2232 apud
294 2149 648 2211 Chai-isium
679 2150 857 2212 Libr.
886 2151 937 2212 1.
980 2174 1045 2235 p.
1075 2136 1180 2213 80‘.
1211 2153 1282 2211 P.
1363 2152 1663 2230 „Cassius
1709 2150 1988 2216 Severus

83 2251 163 2311 ad
204 2249 674 2312 Maecenatem:
738 2252 1053 2335 Gausapa
1104 2270 1439 2335 purpureo
1497 2253 1825 2314 salutatus
1838 2251 1988 2333 ¹⁴).“

83 2348 220 2411 Hoc
260 2370 517 2430 quoque
560 2350 759 2412 Cassii
799 2351 1259 2437 fragmentum,
1318 2351 1552 2413 omisso
1610 2351 1832 2413 Severi
1865 2373 1991 2415 no-

85 2447 291 2525 mine,
352 2447 533 2511 affert
573 2450 928 2514 Priscianus
970 2453 1147 2513 Libr.
1176 2450 1321 2513 VII.
1365 2473 1429 2533 p.
1458 2453 1604 2513 759.
1644 2451 1715 2513 P.
1761 2442 1987 2533 (call.

84 2554 136 2622 §-
173 2547 275 2608 56.
321 2547 399 2608 Τ.
426 2548 477 2608 1.
520 2571 586 2632 p.
615 2553 762 2612 328.
793 2552 942 2633 Kr.)
1043 2551 1121 2612 In
1163 2572 1289 2633 quo
1331 2551 1650 2613 neminem
1690 2571 1823 2614 non
1862 2552 1988 2614 mi-

85 2668 229 2708 rum
271 2647 531 2710 habebit
585 2652 758 2732 quod
804 2650 1052 2712 Cassius
1111 2650 1181 2711 in
1223 2651 1388 2712 libro
1431 2652 1511 2712 ad
1550 2651 1985 2714 Maecenatem

78 2746 372 2830 gausape·
409 2749 739 2832 purpurei
787 2750 1179 2812 mentionem
1235 2750 1405 2812 facit.
1521 2750 1815 2834 Gausapa
1869 2751 1987 2813 fuit

85 2846 275 2909 vestis
331 2847 512 2909 lanea
570 2869 771 2932 eaque
830 2850 1131 2927 crassior,
1203 2871 1329 2931 qua
1370 2851 1436 2912 in
1477 2851 1704 2916 itinere
1745 2852 1827 2912 ad
1869 2870 1987 2914 ve-
2026 2914 2034 2930 ‚

86 2947 315 3008 tendas
367 2949 650 3010 maxime
704 2956 914 3030 partes
964 2950 1349 3034 obtegendas
1390 2951 1483 3012 uti
1525 2951 1816 3013 solebant
1853 2951 1986 3013 Ro-

86 3045 292 3107 mani:
361 3069 427 3111 v.
483 3049 758 3111 Petronii
814 3049 1021 3128 Satyr.
1079 3069 1135 3110 c.
1165 3051 1270 3112 28.
1353 3049 1685 3126 Maecenas
1699 3095 1720 3128 ,
1777 3049 1985 3113 mollis

88 3144 195 3205 ille
252 3151 318 3206 et
370 3148 598 3209 vestitu
653 3147 999 3231 habituque
1065 3169 1210 3211 cum
1278 3147 1622 3213 offensione
1680 3149 1984 3211 delicatus

87 3242 319 3321 homo,
383 3247 815 3328 appellabatur
869 3268 906 3309 a
962 3246 1173 3310 Cassio
1229 3257 1598 3333 gausapatus
1664 3267 1984 3331 purpurea

89 3350 281 3403 veste.
368 3342 722 3428 suspicanti
766 3347 952 3431 igitur
990 3348 1181 3428 mihi,
1225 3351 1396 3413 unde
1438 3350 1557 3411 ista
1583 3348 1778 3412 verba
1808 3367 1986 3410 sum-

235 3573 326 3635 1⁴)
367 3572 604 3624 Videatur
640 3571 703 3623 G.
726 3572 774 3625 J.
810 3573 1022 3627 Vossius
1054 3579 1103 3627 in
1123 3575 1404 3629 Aristarcho
1439 3580 1541 3629 sive
1576 3577 1636 3629 de
1670 3573 1796 3630 Arte
1815 3573 1986 3628 Gram-

89 3645 247 3694 matic.
281 3643 374 3694 lll.
416 3651 501 3697 35.
536 3646 699 3709 ibique
733 3645 1039 3700 noemenia-
1074 3648 1205 3703 Part.
1237 3650 1279 3702 l.
1317 3669 1367 3714 1».
1393 3654 1517 3702 410.
