2236 3932
222 158 308 219 94
818 177 900 216 nr:
947 178 1005 216 ι.
1033 177 1238 218 VAmo
1285 177 1524 217 rom-A.

391 310 604 395 Magni
660 312 960 392 equidem
1013 311 1176 371 facio
1230 309 1566 394 Virgilium
1620 317 1881 392 propter
1937 333 2121 396 egre-

219 411 352 526 gias
394 412 896 493 multiplicesque
950 408 1187 492 ingemi
1231 409 1551 491 animique
1593 411 1859 472 virtutes
1875 454 1901 487 ‚
1961 434 2119 493 quas

218 513 288 573 in
332 512 713 573 carminibus
756 529 1092 591 expressas
1134 507 1319 568 nobis
1349 510 1632 590 reliquit3
1675 511 1872 572 nihilo
1903 517 2120 573 tamen

221 612 424 672 secius
467 610 607 671 fieri
650 610 935 691 potuisse
971 607 1280 684 arbitror,
1325 615 1397 668 ut
1426 630 1599 686 eam,
1646 611 1725 670 de
1755 630 1882 690 qua
1909 631 2119 671 sermo

220 717 352 789 est,
424 709 577 770 facti
643 707 1103 787 turpitudinem
1172 706 1241 765 in
1308 727 1377 767 se
1448 710 1828 770 admitteret.
1944 709 2122 769 Vixit

219 811 389 872 enim
413 829 487 870 ea
529 812 753 881 aetate,
799 826 921 886 qua
948 805 1219 866 Romani
1246 827 1376 887 per
1404 808 1570 869 bella
1600 809 1804 871 civilia
1837 809 2122 871 divitias-

220 930 347 992 que
376 914 742 981 exterarum
771 906 1050 988 gentium
1079 926 1115 965 a
1142 906 1348 986 prisca
1390 907 1784 988 simplicitate
1816 909 1898 969 ad
1926 909 2122 967 luxu-

218 1010 398 1083 riam,
431 1007 509 1065 ab
533 1005 890 1087 integritate
921 1025 1299 1085 morumque
1330 1006 1696 1066 castimonia
1723 1009 1803 1068 ad
1828 1007 2122 1067 libidines

220 1107 627 1184 illicitamque
669 1103 987 1164 Venerem
1031 1103 1457 1180 deflexerant,
1503 1111 1568 1165 et
1610 1126 1734 1185 qua
1774 1127 1857 1167 ne
1898 1112 2123 1186 poten-

218 1206 444 1268 tissimi
505 1204 763 1284 quidem
818 1204 1085 1265 civitatis
1127 1203 1252 1264 viri
1295 1204 1745 1264 adulteriorum
1799 1204 2124 1264 infamiam

219 1303 784 1388 pertimescebant:
828 1301 957 1365 vid.
1005 1301 1346 1364 Suetonius
1389 1304 1460 1363 in
1500 1303 1662 1386 Aug.
1709 1322 1759 1363 c.
1795 1304 1900 1363 68.
1927 1310 1992 1363 et
2017 1305 2122 1363 71.

218 1406 431 1486 Atque
473 1403 745 1491 fecunda
785 1403 907 1463 ista
939 1403 1163 1483 culpae
1195 1403 1440 1463 saecula
1455 1447 1475 1479 ,
1519 1409 1592 1463 ut
1619 1401 1912 1462 Horatius
1941 1400 2124 1462 Lihr.

217 1504 333 1566 HI.
394 1502 516 1564 Od.
548 1505 611 1564 6.
666 1523 732 1564 v.
780 1503 878 1562 17.
935 1507 1226 1579 testatur,
1282 1503 1560 1583 primum
1613 1502 1869 1582 nuptias
1911 1500 2124 1581 inqui-

219 1608 535 1665 naverunt
590 1607 657 1662 et
710 1621 905 1684 genus
962 1607 1028 1662 et
1087 1603 1331 1662 domos·
1440 1601 1570 1662 Nec
1624 1600 1887 1662 mirum!
1967 1599 2127 1660 Cor-

218 1701 587 1784 ruptissima
644 1701 817 1760 enim
882 1706 1018 1761 erat
1062 1700 1391 1782 disciplina
1433 1692 1807 1778 domestica,
1878 1701 1958 1760 de
2001 1719 2126 1781 qua

220 1803 392 1866 idem
432 1801 629 1861 Poeta
670 1820 733 1860 v.
765 1800 900 1859 21.:

420 1901 643 1961 Motus
686 1896 906 1958 doceri
937 1899 1186 1977 gaudet
1225 1897 1487 1959 Ionicos

419 2001 698 2060 Matura
740 1996 924 2075 virgo
968 2008 1027 2057 et
1052 1997 1351 2078 fingitur
1393 1997 1645 2058 artibus

518 2100 671 2158 Jam
711 2118 887 2156 nunc
898 2141 923 2172 ,
969 2107 1030 2157 et
1071 2097 1343 2158 incestos
1387 2118 1641 2158 amores

617 2199 717 2256 De
758 2207 974 2256 tenero
1015 2196 1371 2257 meditatur
1411 2195 1623 2275 ungui
1632 2219 1654 2270 ,·
1702 2227 1703 2243 ι

420 2298 585 2357 Mox
618 2294 914 2373 juniores
958 2294 1214 2378 quaerit
1256 2297 1587 2355 adultero-3

422 2396 610 2455 Inter
650 2393 885 2454 mariti
921 2395 1082 2455 vina
1093 2439 1114 2472 ,
1157 2416 1360 2477 neque
1400 2394 1580 2473 eligit

532 2491 656 2555 Cui
703 2494 893 2554 donet
934 2493 1341 2576 ‘impermissa
1383 2493 1634 2576 raptim

586 2583 588 2585 ’
631 2582 897 2652 Gaudia
943 2591 1296 2653 luminibus
1339 2594 1625 2668 remoti-5,

423 2691 549 2750 Sed
578 2692 770 2769 jussa
813 2712 1032 2752 coram
1073 2714 1207 2752 non
1249 2691 1389 2752 sine
1431 2691 1684 2754 conscio

424 2788 646 2868 Surgit
687 2791 927 2852 marito
939 2837 959 2869 ,
1005 2813 1119 2852 seu
1159 2802 1352 2853 vocat
1391 2791 1682 2867 institor,
1770 2825 1773 2828 »

525 2891 651 2949 Seu
692 2889 884 2950 navis
925 2890 1276 2973 Hispanae
1315 2891 1651 2970 magister,

583 2974 587 2978 ⁵
623 2989 1022 3050 Dedecorum
1060 2989 1387 3073 pretiosus
1429 3001 1664 3052 emtor:
1690 2990 1763 3072 ⁷³)

228 3176 454 3237 beamus,
506 3187 561 3226 ut
592 3178 841 3228 veritatem
875 3178 1202 3238 inveniamus,
1257 3189 1373 3226 tuate
1407 3194 1592 3243 quoque
1620 3175 1797 3245 officio
1836 3174 1998 3226 deesse
2029 3195 2149 3226 non

219 3267 507 3312 possumus,
573 3245 770 3313 quando
829 3244 949 3296 haee
1005 3251 1164 3297 minus
1210 3262 1363 3310 grata
1421 3248 1615 3297 videtur
1666 3252 1879 3297 exoriri.
1984 3247 2132 3317 Quod

229 3332 389 3370 autem
435 3318 552 3368 inde
597 3323 652 3368 in
702 3318 912 3381 Vrgiliz·
959 3337 1114 3368 mores
1149 3319 1427 3379 redundat,
1479 3323 1669 3369 etiamsi
1702 3323 1862 3369 vitiosi
1896 3319 2128 3385 quodam-

229 3390 370 3440 modo
400 3392 639 3458 fuerint,
699 3409 798 3442 non
843 3401 914 3438 est
954 3390 1239 3441 celandum.
1328 3391 1461 3440 Nam
1504 3395 1550 3441 si
1580 3393 1807 3459 fuissem
1818 3428 1836 3452 ,
1894 3409 1993 3439 non
2026 3402 2128 3438 mm

228 3465 385 3526 ipsius
417 3466 515 3511 viri
547 3463 724 3525 culpa,
763 3480 909 3528 queem
941 3473 1207 3524 tempormn
1241 3466 1496 3529 iniquitate
1516 3464 1742 3530 fuissent
1775 3462 2072 3528 inquinati-‘⁶

375 3534 471 3596 77)
521 3532 714 3583 Vereor
759 3542 815 3583 ut
872 3542 1000 3583 recte
1047 3543 1190 3597 neg-et
1236 3532 1644 3584 Mitscherlichius
1658 3573 1673 3596 ,
1734 3533 1926 3583 Horatii
1983 3533 2126 3582 verba

232 3623 280 3657 v.
302 3611 389 3656 21.
414 3621 489 3668 sq.
533 3606 759 3668 capienda
804 3622 913 3657 esse
960 3604 1022 3654 de
1068 3607 1298 3669 pravitate
1332 3608 1641 3656 institutionis
1676 3605 1986 3667 domesticae,
2032 3620 2127 3666 qua
