2236 3932
270 164 399 229 400
1018 180 1399 230 11111311

270 314 560 389 TorquatnS,
585 332 844 390 cognomen
868 325 1024 388 gentis
1042 319 1187 373 Man·

341 392 439 447 liae
474 397 565 446 fuit
595 426 656 437 --
699 399 819 446 304.
878 394 1008 444 Vide
1043 393 1184 443 Man·-

341 469 451 518 lios:
481 488 546 507 —·-
592 467 766 517 Manlii
790 465 1015 528 Torquati
1041 467 1183 516 bellis

342 540 559 599 civilibus
595 540 816 588 exstincti
854 568 919 577 --
949 543 1073 588 308.
1110 563 1182 575 --

340 608 451 661 hinc
487 628 648 659 eorum
685 627 945 673 cognomen
981 609 1040 658 ab
1069 607 1183 658 Au-

339 691 480 747 gusto
515 683 790 743 impositum
815 679 871 730 C.
901 679 1181 745 NoniobAs-

340 755 525 816 prenati
573 779 642 791 —
691 759 793 803 308
819 769 893 814 sq.
941 777 1011 801 ,-
1059 748 1179 801 Vid.

340 823 543 874 Nonius.
566 853 636 864 -
662 833 709 873 et
736 833 899 886 postea
923 824 1032 873 aliis
1060 841 1182 886 gen-

341 896 466 957 tibus
493 895 692 944 inditum
717 895 953 944 invenitur
971 923 1032 932 —
1057 900 1179 944 309.

341 985 415 1004 -”-
449 965 678 1029 Torquati
703 968 790 1015 sub
814 965 1183 1028 Imperator-ibus

341 1039 422 1100 qui
469 1047 898 1100 commemorentur
941 1062 1012 1074 -
1062 1042 1182 1087 309.

340 1107 633 1172 Torquatus,
685 1111 761 1158 cui
808 1108 1038 1158 Horatius
1087 1109 1182 1158 duo

341 1183 546 1229 carmina
559 1182 814 1243 inscripsit,
839 1182 946 1243 quis
959 1181 1103 1229 suerit
1112 1198 1183 1218 -·-

342 1257 445 1302 304
463 1269 567 1315 sqq.

257 1314 478 1387 Tortor,
529 1341 790 1387 cognomen
828 1323 1079 1386 Apollinis
1112 1350 1185 1360 —

271 1454 276 1461 ἢ
345 1399 445 1445 277
481 1404 581 1445 not.

270 1463 564 1530 Trebonius,
603 1464 692 1529 C.‚
729 1483 758 1515 a
794 1463 999 1515 Caesare
1033 1463 1184 1514 hono-

341 1539 473 1588 ribus
521 1547 712 1588 ornatus
763 1558 828 1577 -‘-
881 1543 981 1588 253
998 1554 1072 1599 sq.
1112 1550 1181 1573 -’-

341 1627 448 1659 cum
486 1607 652 1659 Cassio
697 1618 744 1658 et
779 1607 930 1658 Bruto
980 1611 1030 1656 in
1074 1625 1183 1657 eum
1232 1664 1235 1665 ⁷

342 1683 629 1744 conspiravit
677 1707 747 1716 —
795 1684 918 1730 254.
964 1706 1039 1716 —
1085 1682 1183 1740 jam
1235 1746 1238 1751 .

342 1761 479 1802 antea
515 1753 764 1802 consilium
794 1749 1011 1800 Caesaris
1039 1752 1184 1799 inter-

339 1823 528 1873 ficiendi
565 1825 832 1887 agitaverat
870 1850 930 1858 —
972 1821 1094 1873 ibid.
1114 1849 1184 1858 —-

1317 323 1535 388 adjunxit
1566 340 1637 364 f...
1674 324 1777 379 245
1806 336 1907 377 not.
1947 336 2157 382 331.—

1317 396 1504 458 quando
1521 395 1725 446 Romam
1742 399 1935 463 redierit
1947 428 2017 438 -—
2035 408 2157 453 331.

1315 494 1390 504 —-
1426 485 1541 516 num
1575 466 1641 516 ibi
1662 479 1786 531 post
1816 458 2020 520 reclitum
2049 492 2158 522 con-

1315 540 1502 606 junctus
1527 557 1632 588 cum
1652 527 1854 590 Horatio
1879 545 2060 605 vixerit
2084 573 2157 582 —-

1314 608 1437 658 ibid.
1477 639 1540 650 --
1596 613 1765 673 quibus
1808 601 2064 663 bonoribus
2099 617 2157 664 ab

1315 679 1537 744 Augusto
1551 682 1766 732 admotus
1783 684 1934 733 suerit
1946 702 2014 722 ·—
2033 693 2157 737 333.

1318 770 1383 790 -’-“-
1417 754 1524 813 ejus
1546 771 1702 804 mores
1729 781 1797 792 —
1829 762 1930 805 330
1946 774 2020 819 sq.
2053 764 2154 808 333

1317 839 1390 886 sq.
1421 852 1484 860 —-
1525 842 1638 882 1111111
1675 838 2063 878 commemoratus
2093 831 2156 879 sit

1316 896 1366 942 in
1395 893 1588 944 Horatii
1629 900 1910 948 carminibus
1942 926 2013 937 ——
2051 907 2151 950 331

1317 982 1423 1028 sqq·

1246 1022 1527 1122 Turullius,
1563 1036 1618 1088 P.
1636 1077 1652 1101 ‚
1695 1052 1948 1102 percussor
1984 1038 2156 1091 Caesa-

1316 1110 1386 1158 ris
1426 1138 1490 1147 --
1531 1115 1650 1159 251.
1691 1128 1753 1148 —⁴-
1805 1114 1856 1159 in
1890 1106 2016 1161 bello
2051 1131 2157 1162 cum

1318 1183 1576 1230 triumviris
1606 1190 1742 1245 gesto
1778 1184 1982 1245 praefuit
2015 1185 2157 1232 classi

1232 1307 1240 1312 .
1299 1272 1389 1290 ·-·--
1419 1258 1540 1302 259.
1567 1282 1638 1290 --
1673 1264 1780 1316 post
1814 1273 2018 1317 pugnam
2043 1252 2157 1303 Phi-

1317 1324 1583 1385 lippensem
1622 1326 1686 1386 ad⁸
1718 1324 1919 1373 Sextum
1957 1325 2157 1387 Pompe*-

1315 1397 1417 1456 jum
1455 1412 1506 1444 se
1542 1397 1768 1458 contulit,
1816 1406 1864 1446 et
1898 1406 2059 1458 postea
2097 1398 2156 1445 ad

1317 1457 1393 1515 M.
1430 1465 1693 1516 Antonium
1730 1488 1795 1505 —-·
1835 1462 1956 1516 ibid.
2005 1469 2155 1530 perfi-

1279 1560 1281 1563 ⁴
1317 1537 1450 1586 diose
1496 1539 1555 1585 ab
1589 1537 1802 1588 Antonio
1847 1540 2045 1588 traditus
2083 1545 2156 1588 est

1319 1608 1612 1670 Octaviano,
1651 1628 1678 1659 a
1714 1629 1806 1672 qno
1835 1612 1884 1658 in
1908 1611 2059 1659 insula
2086 1609 2155 1659 Co

1316 1681 1592 1730 interfectus
1602 1690 1676 1731 est
1686 1701 1746 1719 -·-—
1763 1686 1882 1732 260.
1896 1709 1954 1718 --
1972 1682 2156 1744 quando

1318 1754 1381 1802 sit
1417 1755 1601 1801 occisus
1631 1782 1702 1791 —
1739 1759 1858 1802 260.
1899 1757 2018 1802 264.

1247 1811 1430 1872 Tuscus
1466 1833 1513 1871 et
1549 1821 1778 1873 Etruscus
1813 1854 1883 1862 -—
1921 1824 2041 1873 228.

344 1898 501 1947 statim
530 1904 636 1958 post
665 1893 881 1943 Caesaris
906 1894 1098 1943 caedem
1134 1896 1184 1941 in
1248 1893 1503 1958 Tyrannus
1539 1894 1691 1945 dictus
1731 1890 1837 1944 κατ’
1877 1891 2053 1961 ἐξοχὴν
2088 1893 2153 1963 L.

340 1966 515 2016 Asiam
533 1968 819 2030 provinciam
837 1968 925 2014 sibi
946 1966 1183 2014 decretam

340 2040 455 2088 abiit
491 2057 550 2076 -*-
583 2034 704 2087 vbid.
735 2064 803 2073 —
841 2031 1077 2101 Smyrnae
1105 2053 1183 2085 oc-

342 2112 468 2159 cisus
502 2121 532 2158 a
561 2098 813 2161 Dolabella
849 2135 919 2145 --
958 2113 1077 2158 255.
1111 2134 1183 2144 —-

344 2182 528 2244 quando
565 2183 746 2230 occisus
792 2207 852 2216 --
886 2178 1008 2229 ibid.

273 2245 447 2316 Troiae
472 2254 624 2314 lusus.
688 2250 809 2300 Vid.
829 2252 964 2301 lusus
988 2249 1180 2312 Troiae.

272 2323 529 2388 Tullinset
553 2323 726 2372 Tillius
750 2324 939 2371 confusa
966 2348 1034 2359 —
1059 2330 1180 2372 332.

274 2390 466 2445 Tullius
503 2393 686 2455 Cicero,
723 2392 820 2455 M„
858 2394 989 2443 filius
1027 2405 1184 2445 orato-

341 2469 428 2529 ris,
468 2467 651 2528 quando
687 2475 822 2514 natus
855 2493 926 2502 —
965 2471 1087 2516 328.
1113 2491 1183 2503 —

343 2539 528 2599 quando
562 2537 779 2587 Athenas
815 2539 988 2590 missus
1025 2539 1089 2587 sit
1113 2562 1183 2574 —

343 2608 466 2658 ibid.
493 2635 564 2646 —-
586 2609 818 2671 quomodo
839 2601 1012 2658 vixerit
1026 2606 1181 2656 Athe-

251 2735 255 2743 ,
341 2681 419 2728 nis
445 2707 516 2717 —
553 2687 652 2731 328
668 2698 742 2742 sq.
767 2707 839 2716 —
861 2682 911 2728 in
935 2681 1089 2745 literis
1116 2681 1182 2728 ibi

342 2750 513 2799 dicitur
544 2753 810 2815 insigniter.
829 2751 1084 2813 profecisse
1110 2778 1182 2787 —-

343 2827 465 2871 329.
497 2850 559 2859 —-
598 2841 710 2871 num
746 2824 810 2872 ibi
848 2840 952 2871 cnm
976 2821 1178 2862 Horatio

339 2890 635 2940 familiariter
657 2889 926 2945 coniunctus
943 2882 1089 2930 suerit
1106 2907 1178 2916 —

342 2967 464 3014 323,
505 2988 574 2999 ...-
621 2970 648 3001 3
693 2952 844 3017 Bruto
893 2951 954 3000 ad
997 2952 1178 2999 bellum

265 3087 268 3089 ι
338 3034 556 3075 evocatus
598 3021 804 3073 Athenis
852 3032 901 3072 et
947 3024 1178 3085 equitatui

338 3091 603 3160 praefectus
623 3114 691 3132 «-
711 3101 830 3146 329.
851 3121 918 3131 --
939 3112 1033 3156 quo
1055 3111 1177 3143 anno

339 3172 505 3219 aetatis
538 3170 589 3216 in
612 3166 755 3217 Bruti
791 3173 941 3215 castra
977 3183 1178 3215 secon-

311 3241 501 3301 ,tulerit
530 3265 601 3276 —
638 3244 759 3288 329.
800 3242 922 3288 332.
958 3262 1030 3274 —-
1063 3254 1178 3290 num

339 3305 389 3360 in
431 3309 573 3359 Bruti
618 3312 780 3359 castris
831 3308 1016 3357 Horatii
1068 3325 1178 3358 con-

341 3382 589 3434 suetudine
626 3398 740 3430 usus
776 3382 837 3429 sit
860 3407 930 3416 --
960 3384 1080 3428 330.
1104 3406 1178 3416 -

275 3493 278 3496 ⁴
339 3454 528 3516 qualem
564 3470 616 3502 se
651 3455 701 3501 in
728 3453 855 3500 bello
879 3453 1178 3514 gesserit-h·

276 3552 282 3579 ·.
343 3531 444 3575 329
465 3541 536 3585 sq.
578 3550 639 3560 —--
663 3533 790 3585 post
825 3536 1026 3585 pugnam
1065 3469 1178 3569 Phi-

1319 1962 1372 2014 V
1372 1968 1459 2015 arii
1491 1964 1729 2030 Thyestes
1765 1994 1828 2004 --
1868 1971 1955 2018 73.

1666 2119 1728 2182 V

1244 2234 1420 2313 Vappa
1462 2250 1588 2312 apud
1626 2245 1855 2301 Senecam
1895 2244 2152 2313 repositum

1317 2340 1402 2384 pro
1438 2312 1656 2384 mapalia
1696 2351 1756 2359 -—
1805 2328 1900 2373 195
1922 2341 1998 2383 sq.

1245 2389 1389 2458 Vari,
1419 2395 1499 2456 qui
1526 2385 1740 2443 Caesaris
1766 2394 1976 2457 Aug-usti
2002 2402 2154 2444 aetate

1315 2467 1520 2515 vixerint
1565 2491 1637 2503 —-
1688 2471 1783 2515 121
1806 2484 1911 2533 sqq.
1960 2462 2015 2512 P.
2055 2463 2154 2512 Al-

1253 2590 1256 2595 .
1298 2529 1499 2600 'phenus
1525 2535 1689 2585 Varus
1724 2563 1795 2589 ‚—-
1834 2543 1927 2586 121
1951 2553 2055 2597 sqq,
2083 2562 2151 2570 .-

1313 2606 1523 2657 Alfenus
1542 2607 1704 2656 Varus
1731 2625 1757 2656 a
1783 2605 1951 2656 Servio
1983 2613 2028 2652 et
2048 2603 2150 2649 Do-

1314 2689 1426 2728 nato
1461 2689 1747 2745 memoratus
1773 2706 1842 2716 —
1869 2676 1965 2726 124
1980 2690 2052 2734 sq.
2078 2688 2149 2708 —'-

1316 2750 1382 2805 Q.
1405 2749 1696 2799 AttiusVam
1697 2759 1737 2791 18
1757 2771 1825 2779 ·—-
1847 2749 1944 2793 123
1960 2761 2063 2806 sqq·
2078 2769 2149 2781 “““

1314 2808 1370 2860 Ρ.
1395 2812 1569 2864 Attius
1576 2817 1736 2864 Varus
1765 2842 1837 2851 -
1864 2820 1962 2865 120
1978 2832 2050 2876 sq.
2082 2841 2142 2849 —

1314 2879 1377 2931 L.
1394 2875 1554 2931 Varus
1580 2882 1838 2945 Epicureus
1863 2912 1928 2922 —
1961 2892 2061 2936 130
2074 2904 2147 2947 sq.

1313 2946 1370 3001 Ρ.
1423 2952 1685 3019 Quintilius
1730 2955 1926 3019 Varus,
1979 2957 2149 3005 infelix

1311 3025 1406 3073 iste
1447 3035 1606 3074 contra
1644 3024 1902 3076 Germanos
1944 3027 2043 3076 dux
2082 3058 2146 3066 —

1316 3101 1749 3163 131.134sq.-
1788 3088 1970 3148 Lucius
1989 3092 2149 3147 Varus

1311 3167 1501 3228 quidam
1536 3195 1607 3204 —
1643 3172 1760 3224 135.
1789 3187 1858 3208 -·-
1894 3161 2148 3238 Pompeius

1309 3236 1474 3287 Varus
1505 3268 1567 3276 —
1599 3246 1695 3290 136
1709 3255 1813 3326 sqq.
1843 3268 1909 3277 -
1940 3242 2148 3290 difficilis

1311 3318 1360 3358 et
1394 3311 1612 3374 ambigua
1648 3311 1708 3360 de
1743 3314 1804 3362 iis
1835 3315 2045 3376 quaestio
2077 3322 2150 3362 est

1310 3405 1379 3417 ·-
1421 3388 1538 3430 12¹.

1225 3448 1392 3507 Varia
1419 3470 1535 3516 gens
1557 3442 1744 3523 plebeia
1767 3464 1814 3503 et
1841 3456 2064 3517 ignobilis
2083 3484 2144 3492 —-

1246 3549 1252 3587 ζ
1293 3529 1400 3590 ι110.
1427 3527 1674 3590 peregrina
1696 3533 1849 3588 neque
1874 3529 2060 3587 antiqua
2078 3553 2148 3562 -—-

343 3582 607 3657 lippensetn
644 3611 697 3645 se
733 3591 898 3644 Cassio
934 3591 1176 3642 Parmensi

1270 3599 1504 3650 131-
1555 3597 1745 3659 quinam
1791 3614 1851 3646 ex
1891 3598 1974 3645 illa
2010 3606 2148 3659 gente
