2236 3932
707 205 789 246 οε
834 202 1060 245 cAss1o
1092 201 1456 244 nam-:Nsn
1896 180 2023 242 297

124 344 249 424 ipsi
299 341 388 403 M.
432 341 647 403 Tullio
704 339 994 402 Ciceroni
1048 337 1346 399 tribuitur
1392 336 1688 418 Orpheus
1727 355 1840 396 seu
1884 356 2022 396 car-

127 462 280 503 men
349 443 432 501 de
500 422 900 500 adolescente
963 437 1250 499 studioso
1315 437 1396 498 ad
1461 435 1748 495 Marcum
1821 434 2023 496 filimn

128 541 393 601 Athenis
446 544 964 601 commorantem.
1063 537 1292 598 Exstat
1331 536 1482 596 illud
1522 535 1591 594 in
1635 531 1800 614 Opp.
1847 533 2023 594 Cice·-

128 662 267 700 ron.
324 639 617 700 Editione
675 637 894 697 Venet.
945 638 1130 697 1593.
1189 639 1251 697 8.
1307 635 1390 697 cf.
1432 632 1755 694 Fabricius
1805 632 1872 691 in
1914 632 2023 691 Bi-

129 738 352 799 blioth.
395 737 536 797 Lat.
578 735 755 795 Libr.
780 736 829 796 Ι.
875 756 930 797 c.
962 739 1023 797 8.
1069 736 1256 796 Tom.
1288 735 1341 796 Ι.
1384 757 1449 816 p.
1480 732 1626 794 225.
1668 730 1820 791 Ern.
1893 729 2024 790 Sed

130 836 609 917 suppositicium
650 836 806 895 illud
850 854 989 896 esse
1047 854 1120 895 ac
1183 833 1499 895 Ciceronis
1555 831 1804 914 ingenio
1858 830 2025 889 indi-

126 957 360 1018 gnum,
427 955 573 995 cum
628 935 736 994 alii
791 931 922 1017 jam
989 930 1378 1015 judicarunt,
1449 938 1587 992 tum
1650 931 1841 991 etiam
1891 928 2026 990 Lo-

129 1035 394 1096 beckius
447 1035 517 1094 in
573 1034 877 1117 Aglaoph.
922 1033 1110 1094 Tom.
1142 1032 1196 1092 I.
1239 1053 1305 1113 p.
1331 1032 1479 1092 338.
1522 1029 1667 1091 Not.
1696 1029 1810 1090 hh.
1905 1028 2027 1088 At-

129 1134 242 1214 qui
298 1155 446 1196 cum
502 1134 624 1195 hoc
669 1131 1302 1193 Pseudo-Ciceronis
1357 1128 1493 1190 fetu
1548 1129 1861 1211 insignem
1909 1127 2027 1188 ha-

128 1233 283 1295 bent
309 1233 807 1309 similitudinem,
839 1231 895 1291 si
921 1236 1359 1314 argumentum
1384 1234 1758 1309 spectamus,
1788 1247 2026 1304 versuS,

130 1333 243 1413 qui
285 1333 500 1395 Cassio
541 1330 868 1392 Parmensi
909 1329 1183 1390 adscribi
1225 1329 1462 1404 solent,
1516 1327 1619 1388 hi:

214 1431 521 1511 Argutae
556 1429 848 1513 primum
889 1450 1038 1489 cum
1068 1429 1325 1509 plectra
1360 1424 1659 1508 parentis
1697 1436 1759 1486 et
1800 1446 1968 1486 auro

213 1530 609 1592 Discinctam
649 1528 884 1591 sumsit
927 1526 1252 1588 citharam
1292 1524 1719 1607 Rhodopeius
1760 1525 1972 1600 heros,

213 1629 551 1691 Ridebant
590 1651 814 1707 segnes
846 1628 1086 1710 pulsus
1100 1670 1121 1703 ,
1168 1623 1533 1707 digitosque
1574 1623 1888 1685 micantes

213 1729 468 1807 Serius,
511 1739 574 1790 et
614 1726 875 1789 chordis
915 1725 1214 1787 indoctae
1256 1724 1524 1785 dissona
1564 1723 1758 1785 vocis.

213 1831 383 1890 Mox
423 1830 639 1912 pudor
680 1828 1008 1888 exardens
1024 1868 1046 1898 ,
1091 1834 1152 1884 et
1186 1822 1404 1902 gloria
1451 1822 1659 1884 dulcis
1700 1822 1958 1885 honesti

215 1928 499 1990 Leuibus
540 1925 774 1988 avertit
813 1923 1187 2007 pum-ilibus.
1281 1922 1510 1984 Omnis
1551 1932 1614 1983 et
1653 1921 1809 1983 illuc
1870 1970 1873 1971 ν

216 2026 518 2088 Pet-ditus
559 2025 962 2098 incumbens,
1004 2026 1242 2083 Musae
1273 2023 1571 2106 pallebat
1614 2042 1857 2096 amore,

138 2167 150 2173 -
215 2128 306 2188 Et
343 2148 523 2188 nunc
559 2123 874 2188 maternis
914 2122 1168 2197 inhiat,
1212 2143 1389 2183 nunc
1426 2121 1535 2182 ille
1573 2119 1872 2204 paternis

225 2226 564 2290 Cantibus.
648 2222 825 2286 Hinc
852 2223 1029 2285 illinc
1070 2220 1318 2283 discens
1349 2222 1659 2304 dependet
1690 2219 2031 2305 utrimque.

214 2327 424 2389 Nulla
470 2325 691 2389 Venus
713 2322 972 2405 faciem
1013 2320 1184 2405 cepit
1225 2321 1500 2383 mentita
1544 2319 1786 2381 dolosis

225 2423 647 2508 Compedibus
661 2447 681 2484 ε
724 2421 942 2484 somni
960 2423 1209 2503 fuerat
1244 2442 1613 2503 parcusque
1654 2418 1878 2501 Lyaei,

219 2528 477 2599 Donec,
518 2521 839 2583 ridiculus
880 2523 1166 2597 dudum,
1208 2518 1653 2581 modulamine
1693 2518 1917 2598 silva-5,

219 2625 617 2705 Evulsosque
655 2620 796 2683 suis
838 2622 1130 2703 scopulos
1168 2618 1499 2680 radicibus
1542 2618 1689 2699 egit.

218 2723 451 2788 Ausus
484 2732 547 2783 et
584 2719 681 2781 ire
720 2719 901 2782 viam
940 2718 1300 2781 viventibus
1340 2717 1799 2795 inconcessam,

219 2826 596 2887 Poenarum
635 2819 862 2883 oblitos
903 2818 1204 2882 demulsit
1245 2817 1537 2880 carmine
1577 2821 1832 2883 Manes.

136 3111 276 3163 Libr.
311 3108 461 3161 xm.
511 3114 634 3162 268.
721 3108 834 3176 Qua
879 3110 930 3158 in
975 3125 1028 3158 re
1063 3109 1226 3171 lapsus
1261 3114 1334 3158 est
1367 3107 1440 3157 vir
1473 3109 1718 3171 egregius.
1789 3105 2031 3171 Imperso-

136 3184 245 3233 nale
279 3185 404 3233 enim
437 3183 628 3251 refert,
670 3179 847 3246 Etymo
890 3189 1147 3244 poscente,
1196 3187 1462 3230 constanter
1490 3181 1800 3243 penultimam
1837 3181 2030 3244 longam

136 3253 312 3318 babet,
369 3253 455 3304 sed
497 3255 694 3322 referre
744 3270 1010 3315 nusquam,
1045 3253 1140 3301 nisi
1173 3253 1224 3301 in
1260 3249 1509 3301 Perfecto:
1563 3255 1697 3311 cnjus
1733 3251 1924 3312 quidem
1960 3253 2031 3301 rei

138 3328 366 3376 rationem
400 3342 495 3374 non
529 3328 645 3375 satis
680 3325 955 3387 explanavit
982 3322 1126 3375 Gonr.
1163 3323 1228 3375 L.
1254 3321 1574 3374 Schneiderus
1600 3324 1649 3370 in
1674 3320 1762 3372 Gr.
1788 3322 1898 3373 Lat.
1913 3321 1955 3373 1.
1976 3329 2028 3373 2.

136 3417 188 3462 p.
216 3402 337 3450 589.
410 3395 648 3459 Equidem
684 3413 847 3445 sanam
883 3413 991 3446 esne
1027 3396 1229 3446 arbitror
1261 3412 1427 3445 vocem
1455 3395 1812 3462 praeferetur,
1847 3403 2032 3445 retento

135 3486 278 3520 versu
314 3468 591 3518 intermedio
608 3505 624 3528 ‚
662 3469 737 3518 cui
767 3464 1083 3516 Marklandns
1106 3467 1211 3517 aine
1235 3484 1405 3517 caussa
1432 3479 1580 3515 uncos
1608 3467 1824 3530 impegit.
1861 3466 2033 3518 Verba

138 3550 250 3591 sunt
297 3538 540 3602 Calliope·
590 3539 837 3590 Lucanum
885 3539 1198 3602 alloquentise
1248 3537 1425 3589 Noster
1470 3535 1695 3600 orpheus
1742 3538 2033 3601 praeseretur

139 3613 375 3679 poematis
405 3610 644 3678 Neronis,
694 3627 819 3676 quae
849 3612 1030 3677 populo
1062 3613 1246 3678 ing-rata
1281 3619 1394 3663 sunt
1426 3607 1475 3661 h.
1510 3625 1554 3660 ο.
1591 3608 1858 3675 displicent.
