2236 3932
834 149 1160 192 excussus
1199 149 1267 191 v.
1865 132 1994 196 337

108 290 188 350 ab
232 309 309 349 eo
343 288 691 349 didicisset:
736 308 797 349 v.
827 286 1097 367 Philipp.
1121 283 1207 344 II.
1251 305 1306 347 c.
1336 285 1400 346 4.
1442 291 1505 345 et
1537 285 1637 345 17.
1683 283 1759 346 cl.
1781 283 1993 368 Intpp.

0 392 1 402 ¹
107 385 184 446 ad
239 386 426 446 Dion.
489 387 658 447 Cass,
716 384 887 442 Libr.
928 383 1129 443 XLV.
1187 404 1243 444 c.
1286 384 1391 445 30.
1440 382 1579 445 Vol.
1621 381 1702 444 V.
1744 404 1808 464 p.
1848 386 1995 446 462.

0 486 1 511 ³
107 484 276 545 Strz.
364 485 635 545 Secutus
678 488 893 542 autem‘
933 488 1027 542 est
1068 481 1152 541 M.
1179 482 1489 544 Antonius
1526 482 1773 543 dicendi
1799 502 1998 564 genus

106 584 450 644 Asiaticum
482 583 762 662 opimum
789 581 947 639 illud
978 586 1044 641 et
1085 581 1360 661 adipale,
1406 580 1578 662 quod
1590 624 1614 655 ,
1658 585 1727 641 ut
1755 580 1998 642 Plutar-

108 682 260 742 chus
315 702 369 742 c.
413 684 472 741 2.
533 681 649 756 ait,
708 679 969 740 haberet
1011 678 1311 755 ὁμοιότητα
1356 683 1501 756 πρὸς
1546 681 1640 739 τὸν
1683 680 1809 752 βίον
1856 679 1998 740 αὗτέἑ

106 773 374 848 κομπώδη
419 775 513 830 καὶ
562 773 946 848 φρυαγματίαν
996 768 1126 829 ὄντα
1176 775 1272 831 καὶ
1314 778 1443 831 κενέ
1492 776 1877 852 γαυριάματος
1905 776 2000 832 καὶ

107 860 428 935 φιλοτιμίας
465 857 728 930 ἀνωμάλθ,
763 856 980 929 μεστόν.

230 963 318 1023 Μ.
362 964 644 1024 Antonio
700 960 912 1045 juveni
965 961 1493 1043 perniciosissima
1547 962 1671 1024 fuit
1727 983 1998 1045 consue-

105 1064 258 1125 tudo
316 1062 385 1124 C.
432 1062 721 1123 Curionis
736 1106 756 1138 ,
829 1062 939 1142 qui
993 1082 1142 1123 suae
1197 1062 1558 1142 alienaeque
1603 1070 1668 1123 et
1710 1061 2000 1125 fortunae

107 1171 170 1225 et
209 1162 542 1244 pudicitiae
597 1161 930 1243 prodigus,
990 1180 1136 1221 eum
1150 1204 1170 1237 ,
1226 1181 1354 1241 quo
1410 1161 1610 1245 magis
1666 1162 1786 1221 sibi
1836 1162 2002 1224 foret

107 1262 456 1338 obnoxius,
528 1261 598 1320 in
653 1261 870 1322 vinum
885 1303 907 1334 ,
976 1260 1172 1320 lustra
1240 1265 1307 1320 et
1369 1249 1659 1341 profusos
1715 1269 2000 1342 sumptus

107 1362 541 1443 immergeret,
627 1360 776 1420 licet
829 1356 1017 1440 hujus
1087 1378 1339 1440 quoque
1395 1359 1488 1419 rei
1545 1359 2001 1440 turpitudinem

105 1460 411 1522 invidiose
437 1478 846 1541 exaggerasse
875 1458 1032 1518 mihi
1062 1458 1350 1519 videatur
1381 1457 1598 1519 Cicero
1625 1458 1895 1539 Philipp.
1914 1458 1999 1518 Π.

107 1580 163 1623 c.
212 1561 311 1619 18.
356 1559 432 1619 cl.
476 1559 662 1619 Dion.
709 1557 876 1618 Cass.
920 1557 1096 1617 Libr.
1122 1555 1322 1616 XLV.
1369 1577 1423 1617 c.
1457 1558 1558 1617 26.
1644 1555 1834 1618 Misso
1875 1557 2000 1616 Cu—
2080 1615 2083 1619 ,

14 1738 15 1745 ¹
105 1659 286 1720 rione
329 1678 397 1720 se
438 1658 509 1718 P.
554 1657 754 1719 Clodii
773 1716 775 1719 ,
795 1657 1029 1718 trib1mi
1071 1657 1162 1738 pl.
1205 1654 1406 1716 furori
1445 1655 1762 1737 paulisper
1798 1657 1999 1738 appli-

13 1758 16 1820 ζ
110 1758 271 1835 cuit,
346 1763 602 1819 auctore
657 1757 990 1818 Plutarcho
1048 1777 1101 1817 c.
1142 1757 1240 1831 2.,
1299 1756 1410 1816 sed
1453 1775 1610 1815 mox
1653 1752 1788 1836 ejus
1830 1756 1999 1816 insa-

108 1858 281 1918 niam
320 1863 644 1939 pertaesus
685 1877 772 1918 ex
813 1856 990 1917 Italia
1029 1857 1097 1916 in
1142 1854 1468 1916 Graeciam
1510 1854 1825 1936 navigavit
1875 1854 1997 1915 ibi-

16 1993 17 2001 κ
109 1977 233 2038 que
297 1956 675 2037 aliquamdiu
734 1962 1155 2017 commoratus
1206 1955 1597 2016 intermissa·
1641 1954 1999 2015 litterarum

16 2132 18 2146 ἐ
110 2062 174 2117 et
215 2051 613 2137 eloquentiae
655 2055 855 2116 studia
895 2055 1238 2118 revocavit.

275 2168 420 2231 Jam
462 2189 609 2230 cum
649 2168 720 2229 in
762 2169 978 2232 aetatis
1021 2168 1176 2229 flore
1219 2169 1591 2230 constitutus
1614 2188 1831 2230 rerum
1859 2175 1995 2229 tur·
2055 2197 2062 2202 ’

108 2272 206 2332 bis
261 2268 890 2350 contentionibusque
950 2269 1239 2349 civilibus
1308 2264 1716 2350 objiceretur,
1788 2268 1998 2349 coepit

19 2367 21 2454 ζ
109 2390 227 2452 pro
284 2388 393 2446 ea,
461 2387 586 2448 qua
640 2373 811 2445 erat,
882 2368 1077 2429 animi
1117 2368 1486 2447 impotentia
1527 2367 1811 2448 turpibus
1852 2367 1997 2428 libi-

110 2468 360 2529 dinibus
387 2473 448 2527 et
479 2467 877 2547 quotidianae
920 2466 1055 2527 fere
1099 2467 1387 2548 crapulae
1428 2467 1757 2551 indulgere
1772 2489 1797 2553 :ff
1833 2487 1997 2548 quae

20 2582 22 2587 ⁴
109 2587 212 2628 res
252 2566 463 2627 minus
505 2566 756 2647 corpori
801 2567 1115 2628 nocebant
1153 2573 1375 2627 natura
1414 2567 1658 2644 valido,
1701 2567 1814 2628 sed
1857 2567 1994 2627 ani-

108 2687 288 2728 mmn
329 2666 408 2726 ad
453 2685 707 2726 sensnm
749 2665 1154 2727 humanitatis
1197 2672 1260 2727 et
1299 2666 1646 2750 elegantiae
1667 2667 1997 2727 obtunde-

107 2767 276 2827 bant.
351 2763 569 2845 Neque
603 2763 741 2825 fieri
773 2771 1018 2846 poterat
1045 2766 1201 2846 quin
1230 2765 1466 2849 ingenii
1492 2766 1658 2829 vires
1685 2765 1804 2827 hac
1829 2766 1996 2853 vitae

108 2865 352 2926 ratione
378 2864 611 2926 sensim
639 2865 1066 2927 hebescerent.
1128 2865 1333 2941 Quare
1355 2865 1672 2947 'Augustus
1683 2909 1704 2943 ,
1742 2871 1996 2927 auctore

24 2991 25 2996 ¹
111 2963 415 3026 Suetonio
459 2984 514 3025 c.
542 2965 683 3042 86„
725 2964 894 3026 haud
935 2961 1164 3048 injuria
1206 2985 1353 3026 eum
1391 2951 1773 3047 increpuisse
1816 2965 1996 3028 vide-

108 3070 214 3123 tur
252 3074 323 3124 ut
355 3063 677 3141 insanum,
722 3064 902 3144 quasi
933 3083 1009 3124 ea
1044 3064 1456 3142 scribentem,
1499 3086 1661 3146 quae
1688 3065 2000 3127 mirentur

92 3161 320 3244 potius
362 3161 648 3224 homines
693 3183 884 3244 quam
924 3163 1288 3246 intelligant.
1372 3163 1532 3226 Nam
1573 3165 1641 3225 in
1683 3161 1817 3248 ejus
1860 3164 1998 3246 epi-

111 3261 284 3322 stolis
311 3281 585 3342 quoque,
629 3282 791 3343 quae
817 3269 1168 3345 superstmt,
1213 3262 1637 3325 desideramus
1669 3262 1998 3324 consilium

26 3365 29 3374 “
92 3368 175 3421 ·et
217 3361 417 3421 acrius
457 3357 778 3441 judicium.

282 3458 424 3519 Fuit
471 3457 560 3519 M.
617 3459 922 3523 Antonius
977 3460 1171 3523 homo
1223 3463 1562 3524 multarum
1618 3460 1996 3543 nuptiarum.

95 3556 430 3640 -Legitimo
458 3556 745 3647 conjugio
774 3558 1142 3644 conjunctus
1168 3562 1333 3625 vixit
1363 3580 1509 3624 cum
1537 3567 1807 3642 quatuor
1832 3580 2000 3637 uxo-

30 3657 31 3664 ’
187 3655 507 3709 Wncutnr.
543 3657 830 3711 Comuntur.
1551 3662 1633 3722 22
