<?xml version="1.0" encoding="UTF-8"?>
<!DOCTYPE html PUBLIC "-//W3C//DTD XHTML 1.0 Transitional//EN"
    "http://www.w3.org/TR/xhtml1/DTD/xhtml1-transitional.dtd">
<html xmlns="http://www.w3.org/1999/xhtml" xml:lang="en" lang="en">
 <head>
  <title>
</title>
<meta http-equiv="Content-Type" content="text/html;charset=utf-8" />
  <meta name='ocr-system' content='tesseract 3.04.00' />
  <meta name='ocr-capabilities' content='ocr_page ocr_carea ocr_par ocr_line ocrx_word'/>
</head>
<body>
  <div class='ocr_page' id='page_1' title='image "./deluciivariietca00weicuoft_0046.png"; bbox 0 0 2236 3932; ppageno 0'>
   <div class='ocr_carea' id='block_1_1' title="bbox 220 138 1513 197">
    <p class='ocr_par' dir='ltr' id='par_1_1' title="bbox 220 138 1513 197">
     <span class='ocr_line' id='line_1_1' title="bbox 220 138 1513 197; baseline -0.003 0"><span class='ocrx_word' id='word_1_1' title='bbox 220 138 304 197; x_wconf 83' lang='lat'>28</span> <span class='ocrx_word' id='word_1_2' title='bbox 804 157 884 196; x_wconf 83' lang='lat' dir='ltr'>DE</span> <span class='ocrx_word' id='word_1_3' title='bbox 932 157 990 196; x_wconf 78' lang='grc' dir='ltr'>ι.</span> <span class='ocrx_word' id='word_1_4' title='bbox 1024 156 1230 197; x_wconf 76' lang='lat' dir='ltr'>VAiuo</span> <span class='ocrx_word' id='word_1_5' title='bbox 1277 155 1513 195; x_wconf 77' lang='lat' dir='ltr'><strong>POETA.</strong></span> 
     </span>
    </p>
   </div>
   <div class='ocr_carea' id='block_1_2' title="bbox 217 288 2147 961">
    <p class='ocr_par' dir='ltr' id='par_1_2' title="bbox 217 288 2147 961">
     <span class='ocr_line' id='line_1_2' title="bbox 217 288 2111 351; baseline 0 -1"><span class='ocrx_word' id='word_1_6' title='bbox 217 290 316 350; x_wconf 92' lang='lat' dir='ltr'>Ita</span> <span class='ocrx_word' id='word_1_7' title='bbox 358 288 552 351; x_wconf 83' lang='lat' dir='ltr'>edidit</span> <span class='ocrx_word' id='word_1_8' title='bbox 593 289 989 350; x_wconf 82' lang='lat' dir='ltr'>Burmannus</span> <span class='ocrx_word' id='word_1_9' title='bbox 1035 290 1179 351; x_wconf 90' lang='lat' dir='ltr'>Sec.</span> <span class='ocrx_word' id='word_1_10' title='bbox 1221 290 1291 350; x_wconf 89' lang='lat' dir='ltr'>in</span> <span class='ocrx_word' id='word_1_11' title='bbox 1333 288 1589 350; x_wconf 87' lang='lat' dir='ltr'>Anthol.</span> <span class='ocrx_word' id='word_1_12' title='bbox 1633 288 1774 351; x_wconf 87' lang='lat' dir='ltr'>Lat.</span> <span class='ocrx_word' id='word_1_13' title='bbox 1817 288 1998 349; x_wconf 87' lang='lat' dir='ltr'>Libr.</span> <span class='ocrx_word' id='word_1_14' title='bbox 2028 290 2111 350; x_wconf 87' lang='grc' dir='ltr'>Π.</span> 
     </span>
     <span class='ocr_line' id='line_1_3' title="bbox 217 387 2113 472; baseline -0.001 -22"><span class='ocrx_word' id='word_1_15' title='bbox 217 389 431 472; x_wconf 88' lang='lat' dir='ltr'>Epigr.</span> <span class='ocrx_word' id='word_1_16' title='bbox 465 389 608 448; x_wconf 85' lang='lat'><strong>186.</strong></span> <span class='ocrx_word' id='word_1_17' title='bbox 653 388 796 450; x_wconf 90' lang='lat' dir='ltr'>Vol.</span> <span class='ocrx_word' id='word_1_18' title='bbox 826 387 878 449; x_wconf 91' lang='grc' dir='ltr'>Ι.</span> <span class='ocrx_word' id='word_1_19' title='bbox 923 411 984 468; x_wconf 85' lang='lat' dir='ltr'>p.</span> <span class='ocrx_word' id='word_1_20' title='bbox 1014 390 1160 449; x_wconf 82' lang='lat'><strong>369.</strong></span> <span class='ocrx_word' id='word_1_21' title='bbox 1207 407 1475 467; x_wconf 88' lang='lat' dir='ltr'>eumque</span> <span class='ocrx_word' id='word_1_22' title='bbox 1519 395 1767 449; x_wconf 90' lang='lat' dir='ltr'>secutus</span> <span class='ocrx_word' id='word_1_23' title='bbox 1812 394 1907 448; x_wconf 90' lang='lat' dir='ltr'>est</span> <span class='ocrx_word' id='word_1_24' title='bbox 1941 389 2113 466; x_wconf 82' lang='lat' dir='ltr'>Hey-</span> 
     </span>
     <span class='ocr_line' id='line_1_4' title="bbox 219 479 2114 568; baseline -0.001 -20"><span class='ocrx_word' id='word_1_25' title='bbox 219 489 360 548; x_wconf 90' lang='lat' dir='ltr'>nius</span> <span class='ocrx_word' id='word_1_26' title='bbox 401 487 470 546; x_wconf 91' lang='lat' dir='ltr'>in</span> <span class='ocrx_word' id='word_1_27' title='bbox 512 486 776 548; x_wconf 84' lang='lat' dir='ltr'>Testim.</span> <span class='ocrx_word' id='word_1_28' title='bbox 822 489 883 548; x_wconf 94' lang='lat' dir='ltr'>d.</span> <span class='ocrx_word' id='word_1_29' title='bbox 916 486 1176 568; x_wconf 83' lang='lat' dir='ltr'>Virgilio</span> <span class='ocrx_word' id='word_1_30' title='bbox 1214 483 1360 544; x_wconf 92' lang='lat' dir='ltr'>Vol.</span> <span class='ocrx_word' id='word_1_31' title='bbox 1387 484 1441 544; x_wconf 92' lang='lat' dir='ltr'>I.</span> <span class='ocrx_word' id='word_1_32' title='bbox 1484 507 1548 567; x_wconf 90' lang='lat' dir='ltr'>p.</span> <span class='ocrx_word' id='word_1_33' title='bbox 1579 484 1874 549; x_wconf 84' lang='lat' dir='ltr'>CCLVII.</span> <span class='ocrx_word' id='word_1_34' title='bbox 1904 479 1906 481; x_wconf 6' lang='lat' dir='ltr'>i</span> <span class='ocrx_word' id='word_1_35' title='bbox 1951 487 2114 546; x_wconf 89' lang='lat' dir='ltr'>Bur-</span> 
     </span>
     <span class='ocr_line' id='line_1_5' title="bbox 218 582 2115 667; baseline -0.001 -20"><span class='ocrx_word' id='word_1_36' title='bbox 218 606 486 647; x_wconf 83' lang='lat' dir='ltr'>mannus</span> <span class='ocrx_word' id='word_1_37' title='bbox 552 586 812 667; x_wconf 80' lang='lat' dir='ltr'>intelligi</span> <span class='ocrx_word' id='word_1_38' title='bbox 881 585 983 643; x_wconf 88' lang='lat' dir='ltr'>hic</span> <span class='ocrx_word' id='word_1_39' title='bbox 1052 582 1255 644; x_wconf 79' lang='lat' dir='ltr'>voluit</span> <span class='ocrx_word' id='word_1_40' title='bbox 1306 582 1665 664; x_wconf 84' lang='lat' dir='ltr'>Alphenum</span> <span class='ocrx_word' id='word_1_41' title='bbox 1739 585 1979 645; x_wconf 88' lang='lat' dir='ltr'>Varum</span> <span class='ocrx_word' id='word_1_42' title='bbox 2050 592 2115 646; x_wconf 90' lang='lat' dir='ltr'>et</span> 
     </span>
     <span class='ocr_line' id='line_1_6' title="bbox 221 681 2147 761; baseline -0.001 -17"><span class='ocrx_word' id='word_1_43' title='bbox 221 684 582 746; x_wconf 89' lang='lat' dir='ltr'>Cornelium</span> <span class='ocrx_word' id='word_1_44' title='bbox 639 683 888 744; x_wconf 83' lang='lat' dir='ltr'>Gallum</span> <span class='ocrx_word' id='word_1_45' title='bbox 941 686 1224 761; x_wconf 83' lang='lat' dir='ltr'>poetam:</span> <span class='ocrx_word' id='word_1_46' title='bbox 1299 681 1397 742; x_wconf 75' lang='lat' dir='ltr'>de‘</span> <span class='ocrx_word' id='word_1_47' title='bbox 1421 683 1543 744; x_wconf 91' lang='lat' dir='ltr'>hoc</span> <span class='ocrx_word' id='word_1_48' title='bbox 1585 685 1926 761; x_wconf 87' lang='lat' dir='ltr'>assentior,</span> <span class='ocrx_word' id='word_1_49' title='bbox 1983 692 2147 756; x_wconf 66' lang='lat' dir='ltr'>non,</span> 
     </span>
     <span class='ocr_line' id='line_1_7' title="bbox 218 779 2115 864; baseline 0 -21"><span class='ocrx_word' id='word_1_50' title='bbox 218 782 375 844; x_wconf 90' lang='lat' dir='ltr'>item</span> <span class='ocrx_word' id='word_1_51' title='bbox 420 784 509 843; x_wconf 41' lang='lat' dir='ltr'>de&gt;</span> <span class='ocrx_word' id='word_1_52' title='bbox 528 782 821 862; x_wconf 74' lang='lat' dir='ltr'>&#39;Alpheno</span> <span class='ocrx_word' id='word_1_53' title='bbox 864 779 1035 839; x_wconf 90' lang='lat' dir='ltr'>Varo</span> <span class='ocrx_word' id='word_1_54' title='bbox 1052 823 1072 856; x_wconf 85' lang='lat'><strong><em>,</em></strong></span> <span class='ocrx_word' id='word_1_55' title='bbox 1116 779 1264 841; x_wconf 89' lang='lat' dir='ltr'>licet</span> <span class='ocrx_word' id='word_1_56' title='bbox 1304 779 1427 842; x_wconf 90' lang='lat' dir='ltr'>hoc</span> <span class='ocrx_word' id='word_1_57' title='bbox 1469 797 1719 863; x_wconf 84' lang='lat' dir='ltr'>quoque</span> <span class='ocrx_word' id='word_1_58' title='bbox 1754 784 2115 864; x_wconf 89' lang='lat' dir='ltr'>qualecum-</span> 
     </span>
     <span class='ocr_line' id='line_1_8' title="bbox 219 878 2116 961; baseline -0.001 -19"><span class='ocrx_word' id='word_1_59' title='bbox 219 901 344 961; x_wconf 84' lang='lat' dir='ltr'>que</span> <span class='ocrx_word' id='word_1_60' title='bbox 400 881 646 940; x_wconf 88' lang='lat' dir='ltr'>Phocae</span> <span class='ocrx_word' id='word_1_61' title='bbox 704 878 1134 938; x_wconf 86' lang='lat' dir='ltr'>testimonium</span> <span class='ocrx_word' id='word_1_62' title='bbox 1189 880 1271 939; x_wconf 89' lang='lat' dir='ltr'>ad</span> <span class='ocrx_word' id='word_1_63' title='bbox 1335 878 1408 940; x_wconf 87' lang='lat' dir='ltr'>P.</span> <span class='ocrx_word' id='word_1_64' title='bbox 1466 880 1825 961; x_wconf 86' lang='lat' dir='ltr'>Alphenum</span> <span class='ocrx_word' id='word_1_65' title='bbox 1883 882 2116 942; x_wconf 73' lang='lat' dir='ltr'>Vartun</span> 
     </span>
    </p>
   </div>
   <div class='ocr_carea' id='block_1_3' title="bbox 218 974 2236 1060">
    <p class='ocr_par' dir='ltr' id='par_1_3' title="bbox 218 974 2236 1060">
     <span class='ocr_line' id='line_1_9' title="bbox 218 974 2236 1060; baseline 0.001 -22"><span class='ocrx_word' id='word_1_66' title='bbox 218 979 425 1040; x_wconf 88' lang='lat' dir='ltr'>Ictum</span> <span class='ocrx_word' id='word_1_67' title='bbox 469 977 692 1057; x_wconf 88' lang='lat' dir='ltr'>cupide</span> <span class='ocrx_word' id='word_1_68' title='bbox 734 976 999 1037; x_wconf 80' lang='lat' dir='ltr'>traxerit</span> <span class='ocrx_word' id='word_1_69' title='bbox 1040 974 1231 1038; x_wconf 84' lang='lat' dir='ltr'>Ever.</span> <span class='ocrx_word' id='word_1_70' title='bbox 1277 975 1430 1038; x_wconf 90' lang='lat' dir='ltr'>Otto</span> <span class='ocrx_word' id='word_1_71' title='bbox 1472 978 1518 1038; x_wconf 92' lang='grc'>1.</span> <span class='ocrx_word' id='word_1_72' title='bbox 1550 999 1605 1039; x_wconf 89' lang='lat' dir='ltr'>c.</span> <span class='ocrx_word' id='word_1_73' title='bbox 1645 978 1799 1060; x_wconf 85' lang='lat' dir='ltr'>Cap.</span> <span class='ocrx_word' id='word_1_74' title='bbox 1825 979 1931 1040; x_wconf 93' lang='lat' dir='ltr'>IV.</span> <span class='ocrx_word' id='word_1_75' title='bbox 1975 978 2025 1052; x_wconf 63' lang='grc' dir='ltr'>ξ.</span> <span class='ocrx_word' id='word_1_76' title='bbox 2052 983 2116 1040; x_wconf 86' lang='grc'>2.</span> <span class='ocrx_word' id='word_1_77' title='bbox 2232 1013 2236 1017; x_wconf 43' lang='lat'>1</span> 
     </span>
    </p>
   </div>
   <div class='ocr_carea' id='block_1_4' title="bbox 217 1075 2117 1257">
    <p class='ocr_par' dir='ltr' id='par_1_4' title="bbox 217 1075 2117 1257">
     <span class='ocr_line' id='line_1_10' title="bbox 217 1075 2116 1159; baseline 0.001 -22"><span class='ocrx_word' id='word_1_78' title='bbox 217 1101 281 1159; x_wconf 88' lang='lat' dir='ltr'>p.</span> <span class='ocrx_word' id='word_1_79' title='bbox 334 1078 541 1145; x_wconf 11' lang='lat'><strong>1649..</strong></span> <span class='ocrx_word' id='word_1_80' title='bbox 619 1075 706 1134; x_wconf 91' lang='lat' dir='ltr'>At</span> <span class='ocrx_word' id='word_1_81' title='bbox 769 1096 957 1151; x_wconf 87' lang='lat' dir='ltr'>vero,</span> <span class='ocrx_word' id='word_1_82' title='bbox 1031 1080 1099 1134; x_wconf 91' lang='lat' dir='ltr'>ut</span> <span class='ocrx_word' id='word_1_83' title='bbox 1154 1075 1305 1135; x_wconf 87' lang='lat' dir='ltr'>inde</span> <span class='ocrx_word' id='word_1_84' title='bbox 1377 1076 1621 1153; x_wconf 88' lang='lat' dir='ltr'>ordiar,</span> <span class='ocrx_word' id='word_1_85' title='bbox 1689 1077 1792 1138; x_wconf 91' lang='lat' dir='ltr'>hic</span> <span class='ocrx_word' id='word_1_86' title='bbox 1856 1078 2116 1138; x_wconf 90' lang='lat' dir='ltr'>minime</span> 
     </span>
     <span class='ocr_line' id='line_1_11' title="bbox 219 1173 2117 1257; baseline 0.001 -21"><span class='ocrx_word' id='word_1_87' title='bbox 219 1196 431 1237; x_wconf 88' lang='lat' dir='ltr'>sermo</span> <span class='ocrx_word' id='word_1_88' title='bbox 491 1179 590 1235; x_wconf 91' lang='lat' dir='ltr'>est</span> <span class='ocrx_word' id='word_1_89' title='bbox 643 1175 722 1234; x_wconf 91' lang='lat' dir='ltr'>de</span> <span class='ocrx_word' id='word_1_90' title='bbox 780 1174 856 1234; x_wconf 89' lang='lat' dir='ltr'>iis</span> <span class='ocrx_word' id='word_1_91' title='bbox 873 1219 898 1252; x_wconf 79' lang='lat'>‚.</span> <span class='ocrx_word' id='word_1_92' title='bbox 969 1174 1079 1254; x_wconf 88' lang='lat' dir='ltr'>qui</span> <span class='ocrx_word' id='word_1_93' title='bbox 1137 1173 1320 1233; x_wconf 89' lang='lat' dir='ltr'>simul</span> <span class='ocrx_word' id='word_1_94' title='bbox 1377 1194 1521 1234; x_wconf 92' lang='lat' dir='ltr'>cum</span> <span class='ocrx_word' id='word_1_95' title='bbox 1578 1174 1838 1257; x_wconf 85' lang='lat' dir='ltr'>Virgilio</span> <span class='ocrx_word' id='word_1_96' title='bbox 1879 1177 2117 1237; x_wconf 91' lang='lat' dir='ltr'>Romae</span> 
     </span>
    </p>
   </div>
   <div class='ocr_carea' id='block_1_5' title="bbox 219 1271 2231 1354">
    <p class='ocr_par' dir='ltr' id='par_1_5' title="bbox 219 1271 2231 1354">
     <span class='ocr_line' id='line_1_12' title="bbox 219 1271 2231 1354; baseline 0 -19"><span class='ocrx_word' id='word_1_97' title='bbox 219 1274 490 1353; x_wconf 83' lang='lat' dir='ltr'>Syronis</span> <span class='ocrx_word' id='word_1_98' title='bbox 535 1273 858 1354; x_wconf 85' lang='lat' dir='ltr'>disciplina</span> <span class='ocrx_word' id='word_1_99' title='bbox 898 1274 1000 1333; x_wconf 88' lang='lat' dir='ltr'>usi</span> <span class='ocrx_word' id='word_1_100' title='bbox 1038 1272 1278 1333; x_wconf 84' lang='lat' dir='ltr'>fuerint</span> <span class='ocrx_word' id='word_1_101' title='bbox 1291 1318 1311 1350; x_wconf 87' lang='grc'>,</span> <span class='ocrx_word' id='word_1_102' title='bbox 1372 1275 1484 1334; x_wconf 89' lang='lat' dir='ltr'>sed</span> <span class='ocrx_word' id='word_1_103' title='bbox 1528 1275 1607 1334; x_wconf 88' lang='lat' dir='ltr'>de</span> <span class='ocrx_word' id='word_1_104' title='bbox 1647 1275 2010 1354; x_wconf 73' lang='lat' dir='ltr'>proceribus</span> <span class='ocrx_word' id='word_1_105' title='bbox 2053 1282 2118 1336; x_wconf 87' lang='lat' dir='ltr'>et</span> <span class='ocrx_word' id='word_1_106' title='bbox 2225 1271 2231 1274; x_wconf 60' lang='grc'><strong>’</strong></span> 
     </span>
    </p>
   </div>
   <div class='ocr_carea' id='block_1_6' title="bbox 219 1370 2122 2247">
    <p class='ocr_par' dir='ltr' id='par_1_6' title="bbox 219 1370 2122 2247">
     <span class='ocr_line' id='line_1_13' title="bbox 220 1370 2119 1455; baseline -0.001 -19"><span class='ocrx_word' id='word_1_107' title='bbox 220 1374 487 1436; x_wconf 88' lang='lat' dir='ltr'>civitatis</span> <span class='ocrx_word' id='word_1_108' title='bbox 530 1373 945 1454; x_wconf 86' lang='lat' dir='ltr'>principibus,</span> <span class='ocrx_word' id='word_1_109' title='bbox 1005 1392 1162 1452; x_wconf 90' lang='lat' dir='ltr'>quos</span> <span class='ocrx_word' id='word_1_110' title='bbox 1209 1371 1411 1432; x_wconf 87' lang='lat' dir='ltr'>Roma</span> <span class='ocrx_word' id='word_1_111' title='bbox 1453 1373 1711 1455; x_wconf 76' lang='lat' dir='ltr'>Virgilio</span> <span class='ocrx_word' id='word_1_112' title='bbox 1755 1370 2119 1455; x_wconf 81' lang='lat' dir='ltr'>adjunxerit</span> 
     </span>
     <span class='ocr_line' id='line_1_14' title="bbox 219 1471 2116 1552; baseline 0.001 -19"><span class='ocrx_word' id='word_1_113' title='bbox 219 1473 469 1533; x_wconf 91' lang='lat' dir='ltr'>amicos.</span> <span class='ocrx_word' id='word_1_114' title='bbox 557 1471 831 1531; x_wconf 86' lang='lat' dir='ltr'>Proinde</span> <span class='ocrx_word' id='word_1_115' title='bbox 875 1476 984 1530; x_wconf 87' lang='lat' dir='ltr'>aut</span> <span class='ocrx_word' id='word_1_116' title='bbox 1024 1490 1403 1552; x_wconf 83' lang='lat' dir='ltr'>magnopere</span> <span class='ocrx_word' id='word_1_117' title='bbox 1446 1472 1667 1548; x_wconf 85' lang='lat' dir='ltr'>fallor,</span> <span class='ocrx_word' id='word_1_118' title='bbox 1727 1477 1835 1532; x_wconf 89' lang='lat' dir='ltr'>aut</span> <span class='ocrx_word' id='word_1_119' title='bbox 1892 1472 2116 1550; x_wconf 86' lang='lat' dir='ltr'>Pollio,</span> 
     </span>
     <span class='ocr_line' id='line_1_15' title="bbox 219 1568 2120 1652; baseline -0.001 -22"><span class='ocrx_word' id='word_1_120' title='bbox 219 1570 549 1631; x_wconf 81' lang='lat' dir='ltr'>Maecenas</span> <span class='ocrx_word' id='word_1_121' title='bbox 592 1576 671 1631; x_wconf 84' lang='lat' dir='ltr'>et</span> <span class='ocrx_word' id='word_1_122' title='bbox 728 1569 1056 1631; x_wconf 89' lang='lat' dir='ltr'>Cornelius</span> <span class='ocrx_word' id='word_1_123' title='bbox 1103 1569 1320 1630; x_wconf 85' lang='lat' dir='ltr'>Gallus</span> <span class='ocrx_word' id='word_1_124' title='bbox 1365 1591 1401 1630; x_wconf 92' lang='lat' dir='ltr'>a</span> <span class='ocrx_word' id='word_1_125' title='bbox 1443 1571 1652 1632; x_wconf 89' lang='lat' dir='ltr'>Phoca</span> <span class='ocrx_word' id='word_1_126' title='bbox 1705 1570 1808 1631; x_wconf 91' lang='lat' dir='ltr'>hic</span> <span class='ocrx_word' id='word_1_127' title='bbox 1842 1568 2120 1652; x_wconf 82' lang='lat' dir='ltr'>&#39;conjun-</span> 
     </span>
     <span class='ocr_line' id='line_1_16' title="bbox 219 1669 2122 1754; baseline 0.001 -25"><span class='ocrx_word' id='word_1_128' title='bbox 219 1676 452 1754; x_wconf 68' lang='lat' dir='ltr'>gimtur</span> <span class='ocrx_word' id='word_1_129' title='bbox 466 1714 486 1747; x_wconf 84' lang='lat'>‚</span> <span class='ocrx_word' id='word_1_130' title='bbox 560 1670 732 1750; x_wconf 84' lang='lat' dir='ltr'>quod</span> <span class='ocrx_word' id='word_1_131' title='bbox 786 1670 866 1729; x_wconf 90' lang='lat' dir='ltr'>de</span> <span class='ocrx_word' id='word_1_132' title='bbox 920 1669 1245 1730; x_wconf 57' lang='lat' dir='ltr'>&#39;servandis</span> <span class='ocrx_word' id='word_1_133' title='bbox 1304 1670 1543 1752; x_wconf 77' lang='lat' dir='ltr'>Virgilii</span> <span class='ocrx_word' id='word_1_134' title='bbox 1599 1671 1762 1752; x_wconf 81' lang='lat' dir='ltr'>agris</span> <span class='ocrx_word' id='word_1_135' title='bbox 1797 1671 2122 1750; x_wconf 87' lang='lat' dir='ltr'>promeriti</span> 
     </span>
     <span class='ocr_line' id='line_1_17' title="bbox 219 1767 2120 1848; baseline 0 -19"><span class='ocrx_word' id='word_1_136' title='bbox 219 1769 508 1845; x_wconf 81' lang='lat' dir='ltr'>fuerant,</span> <span class='ocrx_word' id='word_1_137' title='bbox 566 1769 782 1848; x_wconf 85' lang='lat' dir='ltr'>eisque</span> <span class='ocrx_word' id='word_1_138' title='bbox 823 1767 969 1827; x_wconf 93' lang='lat' dir='ltr'>ideo</span> <span class='ocrx_word' id='word_1_139' title='bbox 1011 1789 1141 1827; x_wconf 91' lang='lat' dir='ltr'>non</span> <span class='ocrx_word' id='word_1_140' title='bbox 1183 1767 1259 1830; x_wconf 89' lang='lat' dir='ltr'>L.</span> <span class='ocrx_word' id='word_1_141' title='bbox 1304 1767 1522 1828; x_wconf 87' lang='lat' dir='ltr'>Varius</span> <span class='ocrx_word' id='word_1_142' title='bbox 1562 1774 1783 1848; x_wconf 81' lang='lat' dir='ltr'>poeta,</span> <span class='ocrx_word' id='word_1_143' title='bbox 1842 1770 1954 1829; x_wconf 87' lang='lat' dir='ltr'>sed</span> <span class='ocrx_word' id='word_1_144' title='bbox 1997 1770 2120 1829; x_wconf 87' lang='lat' dir='ltr'>Va-</span> 
     </span>
     <span class='ocr_line' id='line_1_18' title="bbox 219 1866 2118 1949; baseline -0.001 -21"><span class='ocrx_word' id='word_1_145' title='bbox 219 1889 365 1944; x_wconf 78' lang='lat' dir='ltr'>ruS‚</span> <span class='ocrx_word' id='word_1_146' title='bbox 435 1868 542 1927; x_wconf 91' lang='lat' dir='ltr'>ille</span> <span class='ocrx_word' id='word_1_147' title='bbox 600 1867 755 1926; x_wconf 91' lang='lat' dir='ltr'>belli</span> <span class='ocrx_word' id='word_1_148' title='bbox 809 1867 980 1942; x_wconf 83' lang='lat' dir='ltr'>dux,</span> <span class='ocrx_word' id='word_1_149' title='bbox 1054 1867 1155 1928; x_wconf 90' lang='lat' dir='ltr'>cui</span> <span class='ocrx_word' id='word_1_150' title='bbox 1210 1866 1444 1949; x_wconf 90' lang='lat' dir='ltr'>Ecloga</span> <span class='ocrx_word' id='word_1_151' title='bbox 1483 1867 1590 1927; x_wconf 87' lang='lat' dir='ltr'>VI.</span> <span class='ocrx_word' id='word_1_152' title='bbox 1650 1867 1946 1948; x_wconf 89' lang='lat' dir='ltr'>inscripta</span> <span class='ocrx_word' id='word_1_153' title='bbox 2001 1874 2118 1944; x_wconf 85' lang='lat' dir='ltr'>est,</span> 
     </span>
     <span class='ocr_line' id='line_1_19' title="bbox 221 1962 2120 2049; baseline 0 -22"><span class='ocrx_word' id='word_1_154' title='bbox 221 1962 655 2049; x_wconf 83' lang='lat' dir='ltr'>adjungendus</span> <span class='ocrx_word' id='word_1_155' title='bbox 699 1963 854 2027; x_wconf 88' lang='lat' dir='ltr'>erat.</span> <span class='ocrx_word' id='word_1_156' title='bbox 941 1966 1075 2042; x_wconf 71' lang='lat' dir='ltr'>Qua</span> <span class='ocrx_word' id='word_1_157' title='bbox 1107 1967 1186 2025; x_wconf 90' lang='lat' dir='ltr'>de</span> <span class='ocrx_word' id='word_1_158' title='bbox 1232 1986 1446 2026; x_wconf 83' lang='lat' dir='ltr'>caussa</span> <span class='ocrx_word' id='word_1_159' title='bbox 1472 1967 1629 2026; x_wconf 91' lang='lat' dir='ltr'>item</span> <span class='ocrx_word' id='word_1_160' title='bbox 1658 1968 1822 2047; x_wconf 83' lang='lat' dir='ltr'>apud</span> <span class='ocrx_word' id='word_1_161' title='bbox 1845 1966 2120 2028; x_wconf 89' lang='lat' dir='ltr'>Phocam</span> 
     </span>
     <span class='ocr_line' id='line_1_20' title="bbox 231 2063 2120 2148; baseline 0.001 -23"><span class='ocrx_word' id='word_1_162' title='bbox 231 2067 455 2130; x_wconf 75' lang='lat' dir='ltr'>Varus</span> <span class='ocrx_word' id='word_1_163' title='bbox 497 2085 613 2146; x_wconf 87' lang='lat' dir='ltr'>pro</span> <span class='ocrx_word' id='word_1_164' title='bbox 655 2066 827 2148; x_wconf 86' lang='lat' dir='ltr'>vulg.</span> <span class='ocrx_word' id='word_1_165' title='bbox 878 2063 1128 2128; x_wconf 72' lang='lat' dir='ltr'>Varius</span> <span class='ocrx_word' id='word_1_166' title='bbox 1188 2065 1591 2126; x_wconf 87' lang='lat' dir='ltr'>scribendum</span> <span class='ocrx_word' id='word_1_167' title='bbox 1649 2071 1715 2126; x_wconf 94' lang='lat' dir='ltr'>et</span> <span class='ocrx_word' id='word_1_168' title='bbox 1771 2067 1851 2127; x_wconf 93' lang='lat' dir='ltr'>de</span> <span class='ocrx_word' id='word_1_169' title='bbox 1894 2068 2120 2128; x_wconf 91' lang='lat' dir='ltr'>eodem</span> 
     </span>
     <span class='ocr_line' id='line_1_21' title="bbox 230 2163 1737 2247; baseline -0.001 -20"><span class='ocrx_word' id='word_1_170' title='bbox 230 2165 306 2246; x_wconf 78' lang='lat' dir='ltr'>Q.</span> <span class='ocrx_word' id='word_1_171' title='bbox 351 2163 540 2226; x_wconf 73' lang='lat' dir='ltr'>Attio</span> <span class='ocrx_word' id='word_1_172' title='bbox 592 2165 664 2229; x_wconf 86' lang='lat' dir='ltr'><em>V</em></span> <span class='ocrx_word' id='word_1_173' title='bbox 655 2185 774 2225; x_wconf 84' lang='lat' dir='ltr'>aro</span> <span class='ocrx_word' id='word_1_174' title='bbox 818 2163 1216 2247; x_wconf 81' lang='lat' dir='ltr'>cogitand1m1</span> <span class='ocrx_word' id='word_1_175' title='bbox 1259 2184 1401 2225; x_wconf 88' lang='grc'><strong>6556</strong></span> <span class='ocrx_word' id='word_1_176' title='bbox 1442 2165 1737 2226; x_wconf 82' lang='lat' dir='ltr'>arbitror.</span> 
     </span>
    </p>
   </div>
   <div class='ocr_carea' id='block_1_7' title="bbox 1087 2339 1253 2413">
    <p class='ocr_par' dir='ltr' id='par_1_7' title="bbox 1087 2339 1253 2413">
     <span class='ocr_line' id='line_1_22' title="bbox 1087 2339 1253 2413; baseline -0.012 -15"><span class='ocrx_word' id='word_1_177' title='bbox 1087 2345 1138 2413; x_wconf 85' lang='lat'>§.</span> <span class='ocrx_word' id='word_1_178' title='bbox 1183 2339 1253 2399; x_wconf 83' lang='lat'>6..</span> 
     </span>
    </p>
   </div>
   <div class='ocr_carea' id='block_1_8' title="bbox 203 2465 2122 3443">
    <p class='ocr_par' dir='ltr' id='par_1_8' title="bbox 203 2465 2122 3443">
     <span class='ocr_line' id='line_1_23' title="bbox 392 2465 2122 2543; baseline -0.001 -17"><span class='ocrx_word' id='word_1_179' title='bbox 392 2466 565 2543; x_wconf 74' lang='lat' dir='ltr'>Quae</span> <span class='ocrx_word' id='word_1_180' title='bbox 608 2486 750 2527; x_wconf 89' lang='lat' dir='ltr'>cum</span> <span class='ocrx_word' id='word_1_181' title='bbox 790 2465 878 2525; x_wconf 91' lang='lat' dir='ltr'>ita</span> <span class='ocrx_word' id='word_1_182' title='bbox 921 2466 1077 2543; x_wconf 87' lang='lat' dir='ltr'>sint,</span> <span class='ocrx_word' id='word_1_183' title='bbox 1114 2466 1268 2527; x_wconf 78' lang='lat' dir='ltr'>&#39;uon</span> <span class='ocrx_word' id='word_1_184' title='bbox 1310 2472 1550 2528; x_wconf 90' lang='lat' dir='ltr'>temere</span> <span class='ocrx_word' id='word_1_185' title='bbox 1592 2465 1775 2528; x_wconf 90' lang='lat' dir='ltr'>nobis</span> <span class='ocrx_word' id='word_1_186' title='bbox 1832 2465 2122 2530; x_wconf 86' lang='lat' dir='ltr'>videmur</span> 
     </span>
     <span class='ocr_line' id='line_1_24' title="bbox 226 2565 2121 2650; baseline -0.002 -22"><span class='ocrx_word' id='word_1_187' title='bbox 226 2566 462 2650; x_wconf 86' lang='lat' dir='ltr'>Virgilii</span> <span class='ocrx_word' id='word_1_188' title='bbox 504 2565 991 2646; x_wconf 82' lang='lat' dir='ltr'>condiscipulatu</span> <span class='ocrx_word' id='word_1_189' title='bbox 1047 2567 1387 2628; x_wconf 86' lang='lat' dir='ltr'>excludere</span> <span class='ocrx_word' id='word_1_190' title='bbox 1428 2566 1507 2627; x_wconf 88' lang='lat' dir='ltr'>L.</span> <span class='ocrx_word' id='word_1_191' title='bbox 1552 2567 1807 2628; x_wconf 86' lang='lat' dir='ltr'>Varium</span> <span class='ocrx_word' id='word_1_192' title='bbox 1848 2573 2121 2646; x_wconf 79' lang='lat' dir='ltr'>poetam,</span> 
     </span>
     <span class='ocr_line' id='line_1_25' title="bbox 225 2663 2120 2748; baseline -0.002 -22"><span class='ocrx_word' id='word_1_193' title='bbox 225 2667 307 2727; x_wconf 88' lang='lat' dir='ltr'>de</span> <span class='ocrx_word' id='word_1_194' title='bbox 350 2663 527 2748; x_wconf 84' lang='lat' dir='ltr'>cujus</span> <span class='ocrx_word' id='word_1_195' title='bbox 569 2663 893 2748; x_wconf 80' lang='lat' dir='ltr'>juventute</span> <span class='ocrx_word' id='word_1_196' title='bbox 951 2672 1016 2727; x_wconf 92' lang='lat' dir='ltr'>et</span> <span class='ocrx_word' id='word_1_197' title='bbox 1059 2666 1382 2746; x_wconf 87' lang='lat' dir='ltr'>disciplina</span> <span class='ocrx_word' id='word_1_198' title='bbox 1437 2666 1596 2725; x_wconf 86' lang='lat' dir='ltr'>nihil</span> <span class='ocrx_word' id='word_1_199' title='bbox 1638 2665 1896 2728; x_wconf 92' lang='lat' dir='ltr'>omnino</span> <span class='ocrx_word' id='word_1_200' title='bbox 1938 2665 2120 2726; x_wconf 87' lang='lat' dir='ltr'>nobis</span> 
     </span>
     <span class='ocr_line' id='line_1_26' title="bbox 206 2755 2116 2846; baseline -0.002 -20"><span class='ocrx_word' id='word_1_201' title='bbox 206 2755 524 2827; x_wconf 66' lang='lat' dir='ltr'>constat.</span> <span class='ocrx_word' id='word_1_202' title='bbox 589 2765 667 2824; x_wconf 96' lang='lat' dir='ltr'>Id</span> <span class='ocrx_word' id='word_1_203' title='bbox 719 2766 911 2825; x_wconf 91' lang='lat' dir='ltr'>modo</span> <span class='ocrx_word' id='word_1_204' title='bbox 973 2761 1368 2846; x_wconf 87' lang='lat' dir='ltr'>compertum</span> <span class='ocrx_word' id='word_1_205' title='bbox 1411 2766 1729 2826; x_wconf 85' lang='lat' dir='ltr'>habemus</span> <span class='ocrx_word' id='word_1_206' title='bbox 1745 2809 1765 2843; x_wconf 87' lang='lat'><strong><em>,</em></strong></span> <span class='ocrx_word' id='word_1_207' title='bbox 1825 2785 1881 2825; x_wconf 94' lang='lat' dir='ltr'>a.</span> <span class='ocrx_word' id='word_1_208' title='bbox 1925 2765 2000 2824; x_wconf 91' lang='lat' dir='ltr'>U.</span> <span class='ocrx_word' id='word_1_209' title='bbox 2048 2763 2116 2824; x_wconf 89' lang='lat' dir='ltr'>C.</span> 
     </span>
     <span class='ocr_line' id='line_1_27' title="bbox 225 2863 2120 2947; baseline -0.001 -22"><span class='ocrx_word' id='word_1_210' title='bbox 225 2866 372 2925; x_wconf 89' lang='lat'><strong>714.</strong></span> <span class='ocrx_word' id='word_1_211' title='bbox 415 2863 690 2924; x_wconf 88' lang='lat' dir='ltr'>Varium</span> <span class='ocrx_word' id='word_1_212' title='bbox 745 2869 807 2924; x_wconf 90' lang='lat' dir='ltr'>et</span> <span class='ocrx_word' id='word_1_213' title='bbox 862 2864 1186 2947; x_wconf 86' lang='lat' dir='ltr'>Virgilium</span> <span class='ocrx_word' id='word_1_214' title='bbox 1256 2865 1376 2924; x_wconf 90' lang='lat' dir='ltr'>sibi</span> <span class='ocrx_word' id='word_1_215' title='bbox 1424 2863 1552 2947; x_wconf 86' lang='lat' dir='ltr'>jam</span> <span class='ocrx_word' id='word_1_216' title='bbox 1592 2870 1774 2924; x_wconf 92' lang='lat' dir='ltr'>notos</span> <span class='ocrx_word' id='word_1_217' title='bbox 1815 2863 2011 2924; x_wconf 84' lang='lat' dir='ltr'>fuisse</span> <span class='ocrx_word' id='word_1_218' title='bbox 2055 2869 2120 2923; x_wconf 91' lang='lat' dir='ltr'>et</span> 
     </span>
     <span class='ocr_line' id='line_1_28' title="bbox 203 2956 2118 3045; baseline 0.001 -23"><span class='ocrx_word' id='word_1_219' title='bbox 203 2956 563 3023; x_wconf 72' lang='lat' dir='ltr'>-familiares</span> <span class='ocrx_word' id='word_1_220' title='bbox 577 3006 598 3039; x_wconf 83' lang='lat'><strong><em>,</em></strong></span> <span class='ocrx_word' id='word_1_221' title='bbox 656 2964 741 3023; x_wconf 90' lang='lat' dir='ltr'>ita</span> <span class='ocrx_word' id='word_1_222' title='bbox 792 2969 1006 3024; x_wconf 89' lang='lat' dir='ltr'>tamen</span> <span class='ocrx_word' id='word_1_223' title='bbox 1021 3007 1040 3039; x_wconf 88' lang='grc'>,</span> <span class='ocrx_word' id='word_1_224' title='bbox 1084 2969 1156 3023; x_wconf 93' lang='lat' dir='ltr'>ut</span> <span class='ocrx_word' id='word_1_225' title='bbox 1208 2963 1343 3041; x_wconf 80' lang='lat' dir='ltr'>hic,</span> <span class='ocrx_word' id='word_1_226' title='bbox 1401 2970 1584 3045; x_wconf 89' lang='lat' dir='ltr'>poeta</span> <span class='ocrx_word' id='word_1_227' title='bbox 1626 2963 1830 3024; x_wconf 85' lang='lat' dir='ltr'>adhuc</span> <span class='ocrx_word' id='word_1_228' title='bbox 1870 2960 2118 3045; x_wconf 85' lang='lat' dir='ltr'>juvenis</span> 
     </span>
     <span class='ocr_line' id='line_1_29' title="bbox 225 3062 2119 3142; baseline -0.001 -19"><span class='ocrx_word' id='word_1_229' title='bbox 225 3069 288 3123; x_wconf 87' lang='lat' dir='ltr'>et</span> <span class='ocrx_word' id='word_1_230' title='bbox 347 3062 523 3123; x_wconf 90' lang='lat' dir='ltr'>tenui</span> <span class='ocrx_word' id='word_1_231' title='bbox 581 3082 781 3124; x_wconf 84' lang='lat' dir='ltr'>avena</span> <span class='ocrx_word' id='word_1_232' title='bbox 838 3064 1166 3124; x_wconf 90' lang='lat' dir='ltr'>modulans</span> <span class='ocrx_word' id='word_1_233' title='bbox 1221 3064 1495 3124; x_wconf 89' lang='lat' dir='ltr'>carmina</span> <span class='ocrx_word' id='word_1_234' title='bbox 1510 3107 1530 3140; x_wconf 84' lang='grc'>,</span> <span class='ocrx_word' id='word_1_235' title='bbox 1602 3062 1856 3123; x_wconf 91' lang='lat' dir='ltr'>Varium</span> <span class='ocrx_word' id='word_1_236' title='bbox 1917 3082 2119 3142; x_wconf 80' lang='lat' dir='ltr'>aeque</span> 
     </span>
     <span class='ocr_line' id='line_1_30' title="bbox 226 3156 2119 3245; baseline -0.001 -23"><span class='ocrx_word' id='word_1_237' title='bbox 226 3181 300 3222; x_wconf 90' lang='lat' dir='ltr'>ac</span> <span class='ocrx_word' id='word_1_238' title='bbox 346 3156 648 3238; x_wconf 65' lang='lat' dir='ltr'>Cinnam,vv</span> <span class='ocrx_word' id='word_1_239' title='bbox 697 3168 769 3222; x_wconf 91' lang='lat' dir='ltr'>ut</span> <span class='ocrx_word' id='word_1_240' title='bbox 809 3168 1024 3242; x_wconf 87' lang='lat' dir='ltr'>poetas</span> <span class='ocrx_word' id='word_1_241' title='bbox 1075 3168 1140 3223; x_wconf 91' lang='lat' dir='ltr'>et</span> <span class='ocrx_word' id='word_1_242' title='bbox 1179 3160 1450 3245; x_wconf 87' lang='lat' dir='ltr'>majores</span> <span class='ocrx_word' id='word_1_243' title='bbox 1493 3167 1645 3222; x_wconf 91' lang='lat' dir='ltr'>natu</span> <span class='ocrx_word' id='word_1_244' title='bbox 1688 3166 1753 3222; x_wconf 94' lang='lat' dir='ltr'>et</span> <span class='ocrx_word' id='word_1_245' title='bbox 1794 3157 2119 3242; x_wconf 89' lang='lat' dir='ltr'>praestan-</span> 
     </span>
     <span class='ocr_line' id='line_1_31' title="bbox 226 3260 2117 3342; baseline 0 -22"><span class='ocrx_word' id='word_1_246' title='bbox 226 3261 419 3321; x_wconf 85' lang='lat' dir='ltr'>tiores</span> <span class='ocrx_word' id='word_1_247' title='bbox 479 3282 577 3338; x_wconf 85' lang='lat' dir='ltr'>se,</span> <span class='ocrx_word' id='word_1_248' title='bbox 636 3262 1122 3323; x_wconf 85' lang='lat' dir='ltr'>venerabundus</span> <span class='ocrx_word' id='word_1_249' title='bbox 1179 3263 1545 3342; x_wconf 90' lang='lat' dir='ltr'>suspiceret.</span> <span class='ocrx_word' id='word_1_250' title='bbox 1660 3260 2117 3336; x_wconf 75' lang='lat' dir='ltr'>Quaerentibus</span> 
     </span>
     <span class='ocr_line' id='line_1_32' title="bbox 206 3352 2118 3443; baseline -0.002 -23"><span class='ocrx_word' id='word_1_251' title='bbox 206 3365 463 3420; x_wconf 85' lang='lat' dir='ltr'>autem·</span> <span class='ocrx_word' id='word_1_252' title='bbox 485 3352 667 3422; x_wconf 88' lang='lat' dir='ltr'>nobis</span> <span class='ocrx_word' id='word_1_253' title='bbox 680 3404 708 3436; x_wconf 76' lang='lat'>,</span> <span class='ocrx_word' id='word_1_254' title='bbox 760 3353 887 3442; x_wconf 80' lang='lat' dir='ltr'>quo</span> <span class='ocrx_word' id='word_1_255' title='bbox 943 3360 1012 3419; x_wconf 90' lang='lat' dir='ltr'>in</span> <span class='ocrx_word' id='word_1_256' title='bbox 1055 3362 1402 3421; x_wconf 87' lang='lat' dir='ltr'>carminum</span> <span class='ocrx_word' id='word_1_257' title='bbox 1444 3379 1674 3443; x_wconf 88' lang='lat' dir='ltr'>genere</span> <span class='ocrx_word' id='word_1_258' title='bbox 1714 3359 1857 3420; x_wconf 86' lang='lat' dir='ltr'>illos</span> <span class='ocrx_word' id='word_1_259' title='bbox 1901 3379 1968 3419; x_wconf 94' lang='lat' dir='ltr'>se</span> <span class='ocrx_word' id='word_1_260' title='bbox 2011 3380 2118 3418; x_wconf 89' lang='lat' dir='ltr'>su-</span> 
     </span>
    </p>
   </div>
   <div class='ocr_carea' id='block_1_9' title="bbox 226 3456 2224 3542">
    <p class='ocr_par' dir='ltr' id='par_1_9' title="bbox 226 3456 2224 3542">
     <span class='ocr_line' id='line_1_33' title="bbox 226 3456 2224 3542; baseline -0.001 -24"><span class='ocrx_word' id='word_1_261' title='bbox 226 3459 509 3540; x_wconf 87' lang='lat' dir='ltr'>periores</span> <span class='ocrx_word' id='word_1_262' title='bbox 575 3456 868 3542; x_wconf 86' lang='lat' dir='ltr'>judicarit</span> <span class='ocrx_word' id='word_1_263' title='bbox 933 3459 1220 3541; x_wconf 83' lang='lat' dir='ltr'>Virgilius</span> <span class='ocrx_word' id='word_1_264' title='bbox 1235 3504 1254 3535; x_wconf 88' lang='lat'>‚</span> <span class='ocrx_word' id='word_1_265' title='bbox 1326 3460 1405 3520; x_wconf 91' lang='lat' dir='ltr'>de</span> <span class='ocrx_word' id='word_1_266' title='bbox 1469 3459 1662 3520; x_wconf 87' lang='lat' dir='ltr'>Vario</span> <span class='ocrx_word' id='word_1_267' title='bbox 1734 3457 2118 3519; x_wconf 87' lang='lat' dir='ltr'>Scholiastae</span> <span class='ocrx_word' id='word_1_268' title='bbox 2221 3503 2224 3508; x_wconf 17' lang='grc' dir='ltr'><strong>Α</strong></span> 
     </span>
    </p>
   </div>
   <div class='ocr_carea' id='block_1_10' title="bbox 230 3550 2115 3641">
    <p class='ocr_par' dir='ltr' id='par_1_10' title="bbox 230 3550 2115 3641">
     <span class='ocr_line' id='line_1_34' title="bbox 230 3550 2115 3641; baseline -0.002 -24"><span class='ocrx_word' id='word_1_269' title='bbox 230 3557 474 3619; x_wconf 83' lang='lat' dir='ltr'>Horatii</span> <span class='ocrx_word' id='word_1_270' title='bbox 496 3550 596 3619; x_wconf 58' lang='lat' dir='ltr'>&#39;ad</span> <span class='ocrx_word' id='word_1_271' title='bbox 627 3552 884 3621; x_wconf 75' lang='lat' dir='ltr'>Libr.&#39;1.</span> <span class='ocrx_word' id='word_1_272' title='bbox 930 3556 1052 3620; x_wconf 91' lang='lat' dir='ltr'>Od.</span> <span class='ocrx_word' id='word_1_273' title='bbox 1080 3560 1144 3621; x_wconf 86' lang='lat'>6.</span> <span class='ocrx_word' id='word_1_274' title='bbox 1171 3559 1326 3620; x_wconf 84' lang='lat' dir='ltr'>haec</span> <span class='ocrx_word' id='word_1_275' title='bbox 1352 3559 1658 3641; x_wconf 73' lang='lat' dir='ltr'>produnte</span> <span class='ocrx_word' id='word_1_276' title='bbox 1702 3553 2115 3638; x_wconf 72' lang='lat' dir='ltr'>Porphyrion,</span> 
     </span>
    </p>
   </div>
  </div>
 </body>
</html>
