2236 3932
234 138 320 198 90
823 159 905 199 DE
951 160 1021 198 ι..
1040 158 1246 200 vAmo
1292 159 1531 202 Pomm.

231 290 515 367 „Nonne
536 290 689 371 fuit
730 292 938 353 satias
947 337 970 367 ,
1014 293 1230 354 tristes
1270 293 1698 375 Amaryllidis
1737 295 1877 357 iras
1904 297 2123 381 Atque

231 391 513 472 superba
527 390 686 473 pati
707 388 1052 471 fastidia?
1091 392 1328 453 Nonne
1353 395 1705 454 Menalcan
1718 390 1800 456 ?“
1839 397 1940 456 Ad
1968 396 2124 458 haec

233 490 373 566 ille,
449 492 672 565 „Tres
728 488 964 549 dicitur
978 494 1057 563 ,“
1122 490 1358 570 inquit,
1415 515 1726 567 „amasse
1787 494 2123 573 Virgilius,

232 588 738 662 Alexandrum,
796 609 984 668 quem
1026 588 1297 649 donavit
1347 590 1412 651 ei
1446 592 1687 667 Pollio,
1733 602 1794 653 et
1841 594 2127 655 Cebetem

222 709 509 770 pueram
562 709 706 747 cam
763 684 964 744 Leria
998 688 1260 767 puella,
1319 711 1477 771 quos
1519 715 1563 751 a
1604 695 1984 753 Maecenate
2027 692 2128 752 di-

231 786 399 847 citur
457 785 793 866 accepisse.
903 785 1087 845 Unde
1141 788 1367 849 volunt
1423 789 1692 872 quidam
1739 814 1862 874 per
1914 790 2129 852 Ama-

230 885 470 966 ryllida
483 928 506 959 ,
551 882 820 943 Leriam
834 926 857 958 ,
891 906 1017 965 per
1045 887 1421 962 Menalcan,
1471 890 1754 950 Cebetem
1783 889 2130 968 intellig-1⁶5⁶

230 984 316 1046 Et
360 984 437 1045 Gr.
467 982 506 1043 J
508 1025 524 1041 .
559 982 822 1043 Vossius
839 1026 859 1059 ,
919 1005 1156 1044 nomen
1199 984 1437 1046 Leriae
1492 990 1869 1051 mendosum
1925 989 2132 1070 suspi-

233 1089 406 1144 catus
419 1125 439 1158 ,
484 1103 616 1142 non
659 1082 971 1144 dubitavit
1015 1083 1248 1144 dictam
1289 1104 1327 1144 a
1355 1085 1605 1147 Donato
1647 1088 1930 1148 Plotiam
1969 1088 2132 1148 Ale-

229 1180 408 1242 riam
474 1180 600 1242 huc
666 1180 939 1257 referre3
1014 1183 1086 1242 in
1156 1182 1420 1266 ejusque
1490 1188 1867 1248 sententiam
1942 1188 2132 1250 video

229 1281 552 1342 transiisse
582 1281 903 1360 Heynium
945 1282 1027 1342 ad
1057 1282 1288 1343 Donati
1311 1283 1438 1344 Vit.
1471 1285 1709 1367 Virgilii
1753 1306 1807 1346 c.
1830 1285 1912 1346 V.
1954 1295 2004 1359 §.
2029 1288 2132 1346 20.

227 1380 387 1457 Mihi
432 1385 648 1442 autem
690 1401 875 1442 secus
918 1381 1192 1443 videtur.
1293 1382 1458 1443 Nam
1495 1385 1697 1444 multo
1734 1385 2134 1447 verisimiJius

229 1486 328 1543 est
342 1525 362 1556 ,
405 1500 651 1541 nomen
681 1479 949 1541 Aleriae
992 1487 1362 1562 corruptum
1404 1502 1541 1543 esse
1584 1483 1752 1564 apud
1793 1483 2133 1559 Donatum,

170 1620 177 1627 -
230 1586 574 1661 ortumque
632 1601 719 1640 ex
776 1580 1209 1661 praecedentis
1264 1582 1514 1643 litterae
1559 1583 1972 1659 adhaesione,
2046 1583 2136 1642 ita

231 1687 306 1741 ut
361 1680 669 1761 scriptum
723 1677 947 1739 fuerit:
1018 1679 1420 1742 consuevisse
1491 1703 1638 1741 eam
1695 1669 1852 1742 'cam
1918 1681 2136 1742 Plotia

233 1778 462 1841 Leria.
575 1778 824 1838 Deinde
879 1778 1039 1837 fflud
1095 1778 1368 1839 Aleriae
1409 1791 1651 1841 nomen
1690 1782 1861 1862 apud
1900 1780 2136 1840 Roma-

230 1900 351 1941 nos
366 1922 387 1956 ,
445 1876 618 1959 quod
661 1877 887 1953 sciam,
950 1878 1140 1958 plane
1181 1878 1533 1940 inauditum
1575 1886 1704 1956 est,
1762 1899 1970 1960 neque
2011 1879 2138 1938 ulla

231 1976 369 2061 ejus
409 1976 759 2060 probabilis
802 1976 984 2036 reddi
1026 1982 1238 2057 potest
1291 1978 1450 2039 ratio
1508 1985 1570 2040 et
1614 1979 1968 2063 originatio.
2052 1979 2139 2038 At

235 2075 476 2138 Leriae
544 2096 783 2137 nomen
803 2118 825 2152 ,
897 2095 1285 2156 quamquam
1339 2099 1476 2139 non
1543 2079 1742 2161 magis
1817 2079 2137 2154 usitatum,

233 2182 454 2238 tamen
493 2175 687 2236 habet
729 2197 859 2256 quo
905 2175 1211 2256 explicari
1254 2197 1328 2238 ao
1371 2177 1628 2239 defendi
1669 2178 1886 2259 possit,
1934 2179 1987 2238 si
2015 2177 2139 2238 huc

234 2275 561 2339 vocaveris
577 2274 966 2336 Graecorum
993 2281 1214 2357 λήρους,
1253 2276 1298 2336 i.
1324 2297 1403 2354 e.,
1437 2277 1752 2356 Hesychio
1768 2278 2136 2357 interprete,

222 2379 304 2439 ,τὰ
335 2379 470 2454 περὶ
502 2383 621 2446 τοῖς
656 2377 991 2452 γυναικείοις
1035 2382 1230 2448 χιτῶσι
1276 2381 1683 2454 κεχρυσωμένα,
1755 2382 1822 2438 et
1877 2375 2141 2437 Latine.-

233 2499 382 2539 rum
425 2475 591 2536 leria
634 2483 784 2537 sunt
826 2482 1199 2538 ornamenta
1240 2478 1594 2539 tunicarum
1638 2497 1828 2538 aurea
1845 2520 1864 2553 ,
1907 2481 1978 2535 ut
2021 2494 2140 2535 ex-

236 2579 428 2662 plicat
472 2575 697 2638 Festus
740 2599 803 2657 p.
833 2577 982 2638 203.
1006 2577 1085 2636 D.
1190 2575 1492 2638 Conferas
1538 2579 1618 2639 de
1660 2578 1725 2638 h.
1754 2598 1819 2639 v.
1865 2573 2140 2656 Scalige-

236 2698 386 2740 rum
428 2677 510 2736 ad
550 2675 823 2737 Varron.
871 2677 951 2736 de
993 2675 1072 2736 L.
1117 2676 1196 2736 L.
1239 2700 1305 2760 p.
1349 2679 1494 2740 136.
1540 2683 1607 2739 et
1647 2676 2141 2736 Taubmannum

227 2779 320 2839 ad
362 2774 573 2836 Plauti
627 2775 841 2835 Aulul.
873 2775 986 2837 IV.
1034 2772 1096 2837 5.
1127 2774 1231 2837 51.
1274 2800 1339 2859 p.
1381 2777 1560 2855 175„
1634 2796 1794 2857 quos
1852 2771 2142 2855 allegavit

238 2875 570 2939 Jacobsius
641 2875 723 2934 ad
792 2875 901 2937 Br.
959 2875 1083 2939 An.
1153 2876 1591 2940 AnimadverS.
1648 2875 1783 2937 Vol.
1834 2872 1888 2934 I.
1943 2872 2016 2932 P.
2055 2870 2139 2930 Π.

225 3000 307 3059 p.
354 2976 504 3036 333.
1535 3004 1538 3008 ¹

403 3074 650 3136 Verum
691 3079 908 3135 tamen
941 3076 1249 3140 utramvis
1283 3075 1679 3159 amplecteris
1709 3071 1981 3134 nominis
2009 3069 2141 3131 for-

243 3196 416 3236 mam
430 3217 451 3251 ,
520 3173 587 3233 id
642 3193 792 3234 sane
854 3195 1147 3257 magnam
1204 3178 1396 3237 habet
1451 3172 1864 3235 offensionem
1878 3216 1898 3249 ,
1973 3169 2141 3251 quod

242 3280 468 3335 neutra
525 3293 745 3335 earum
801 3273 1007 3354 aliqua
1060 3275 1471 3357 inscriptione
1515 3274 1718 3336 aliove
1762 3268 2139 3352 antiquitatis

241 3378 661 3433 monumento
705 3371 944 3432 firmari
984 3379 1217 3453 potest.
1306 3374 1541 3434 Contra
1580 3370 1848 3432 Hieriae
1886 3387 2138 3440 nomen,

247 3474 422 3554 quod
463 3473 667 3533 'hodie
733 3471 973 3532 editum
1029 3475 1196 3553 apud
1249 3475 1569 3534 Donatum
1620 3471 1879 3554 legitur,
1954 3472 2140 3547 quam

246 3571 590 3654 genuinum
632 3572 715 3632 sit
758 3575 823 3633 et
863 3568 1130 3634 Aleriae
1183 3572 1317 3634 sive
1359 3569 1598 3632 Leriae
1638 3565 2139 3651 praeferendum,
