2236 3932
250 145 378 206 366
821 162 901 201 ma
942 159 1168 200 cAssw
1207 159 1571 201 PARMENSI.

249 299 428 361 dicit:
499 341 539 376 „
555 300 924 376 Quicunque
965 293 1318 355 Pindarum·
1352 296 1654 357 aemulari
1706 298 1949 374 studet,
2008 314 2146 358 rem

249 400 506 480 susci-pit
557 396 998 479 periculosam.
1101 395 1294 455 Tanti
1349 395 1601 474 spiritus
1642 396 1751 455 ille
1794 403 1893 456 est
1933 404 2145 478 poeta.

248 499 383 581 Ego
409 517 700 580 cygnum
743 514 934 575 supra
975 493 1177 555 nubes
1216 494 1534 556 volantem
1573 515 1702 555 non
1732 515 1992 576 sequar,
2038 497 2149 556 sed

246 599 445 658 instar
500 595 635 675 apis
680 595 846 654 circa
887 614 1113 672 nemus
1156 600 1224 654 et
1262 593 1434 673 ripas
1469 593 1737 655 >Tiburis
1777 594 2085 676 vagabor!
2105 597 2147 631 “

247 698 450 773 Quam
489 693 627 756 veri
680 700 782 752 est
837 692 1073 768 simile,
1131 684 1493 752 Antonium*
1518 694 1713 753 istum
1729 737 1752 768 ,
1813 694 1921 774 qui
1961 693 2150 754 fuerit

247 797 389 877 ipse·
437 793 666 853 fidicen
723 791 900 869 ly-rae
953 790 1352 866 Pindaricae,
1411 792 1543 854 sive
1598 790 1738 876 joca
1793 794 1926 855 sive
1985 794 2150 855 seria

250 899 543 976 agentem
573 891 836 952 Horatio
871 891 1286 971 ‘proposuisse
1328 911 1403 951 ac
1443 892 1743 968 suasisse,
1786 899 1859 952 ut
1893 893 2148 953 Pindari

250 994 480 1073 scripta
507 993 574 1051 in
601 1010 960 1052 sermonem
989 990 1256 1050 latinum
1281 990 1689 1067 transferret,
1735 998 1797 1051 et
1821 993 2148 1053 Horatium

251 1093 453 1154 amico
497 1098 631 1152 tam
673 1090 926 1151 sublimi
966 1098 1360 1171 venustoque
1403 1091 1683 1150 carmine
1723 1091 2147 1171 respondisse!

419 1191 553 1253 Sed
603 1210 746 1251 rem
805 1190 1031 1250 seriam
1088 1190 1254 1251 serio
1313 1208 1572 1271 agamus
1627 1196 1694 1250 et
1748 1197 1897 1251 ante
1940 1191 2152 1262 omnia

251 1311 628 1373 quaeramus
644 1335 664 1367 ,
710 1287 880 1372 cujas
921 1291 1031 1350 ille
1072 1289 1267 1350 fuerit
1290 1289 1604 1360 Antonius
1640 1289 1838 1349 Rufus
1854 1333 1878 1364 ,
1924 1297 1990 1350 et
2028 1309 2154 1370 qua

252 1398 459 1453 aetate
481 1385 770 1453 vixerit?
793 1385 1084 1451 'Caesaris
1111 1388 1370 1471 Augusti
1397 1393 1599 1449 aetate
1623 1389 1866 1451 vixisse
1890 1390 2155 1471 Rufum

253 1493 596 1572 quemdam
611 1534 628 1566 ,
669 1495 924 1571 poetam
945 1488 1218 1567 lyricum
1242 1494 1306 1548 et
1328 1487 1586 1548 >Pindari
1614 1489 1748 1551 sive
1772 1489 2155 1550 imitatorem

253 1593 387 1653 sive
417 1590 908 1666 aemulatorem,
934 1588 1187 1653 vOvidio
1218 1589 1550 1648 credamus
1583 1606 1844 1650 necesse
1871 1595 1984 1650 est.
2072 1589 2157 1649 At

253 1691 422 1750 hunc
453 1709 538 1750 ex
570 1697 755 1771 gente
778 1686 1045 1749 Antonia
1074 1687 1266 1748 filisse
1280 1731 1300 1763 ,
1346 1687 1487 1767 quis
1530 1693 1624 1748 est
1666 1672 1775 1768 qui
1815 1687 1942 1748 fide
1985 1689 2157 1748 bona

254 1784 565 1850 affirmet?
610 1788 903 1849 Potuitne
941 1806 1079 1848 esse
1115 1786 1183 1848 C.
1216 1786 1476 1868 Valgius
1504 1786 1705 1847 Rufus
1722 1832 1742 1865 ,
1787 1787 1892 1847 cui
1923 1788 2159 1850 diversi

254 1888 607 1972 argumenti
636 1888 916 1948 carmina
959 1907 995 1947 a
1033 1887 1360 1949 veteribus
1404 1887 1633 1948 tributa
1673 1885 1866 1948 fuisse
1910 1887 2158 1948 ostendi

254 1990 323 2048 in
354 1989 773 2049 Commentat.
819 1988 898 2046 de
928 1987 994 2048 G.
1027 1986 1268 2065 Valgio
1293 1987 1485 2066 Ruso
1511 1988 1714 2048 Poeta
1755 1995 1805 2060 §.
1839 1988 1898 2045 3.
1938 2009 2002 2067 p.
2033 1987 2152 2046 211

257 2083 447 2168 sqq.?
489 2087 549 2147 A
576 2086 964 2168 Glandorpio
1005 2087 1072 2146 in
1119 2084 1447 2147 Onomast.
1492 2104 1556 2167 p.
1608 2086 1762 2146 100.
1784 2091 2162 2146 ¹recensetur

257 2185 592 2248 Antonius
633 2186 863 2266 Rufus
875 2230 898 2259 ,
960 2205 1155 2266 quem
1198 2185 1351 2245 dicit
1390 2183 1660 2247 ⁴vertisse
1703 2185 2054 2245 Homerum
2097 2191 2160 2244 et

255 2288 617 2348 Pindarum.
719 2285 903 2362 Quod
960 2287 1042 2345 ad
1083 2284 1432 2345 Homerum
1475 2285 1729 2361 attinet,
1792 2283 2162 2365 Glandorpii

260 2389 361 2447 erl
363 2407 539 2447 orem
582 2386 747 2446 bene
787 2382 919 2468 jam
962 2385 1204 2446 notavit
1246 2389 1309 2443 et
1348 2383 1648 2444 refutavit
1689 2382 2160 2444 VVernsdorfius

260 2485 330 2544 P.
374 2485 452 2560 L.
496 2484 584 2545 M.
631 2485 818 2545 Tom.
861 2483 977 2544 III.
1020 2505 1084 2565 p.
1127 2483 1452 2563 XXqu.
1499 2483 1791 2543 etTom.
1839 2481 1950 2543 IV.
1994 2482 2065 2543 P.
2099 2485 2160 2542 2.

259 2607 324 2666 p.
358 2584 502 2646 585.
589 2586 842 2645 Pindari
872 2592 1079 2645 autem
1108 2585 1526 2663 interpretem
1562 2582 1699 2644 sive
1737 2583 1918 2642 illum
1948 2580 2162 2643 Ovidii

260 2684 578 2744 fidicinem
619 2683 985 2747 Pindaricae
1039 2678 1254 2763 lyrae,
1318 2682 1560 2742 dictum
1616 2698 1752 2742 esse
1794 2681 2163 2742 Antomum

262 2783 526 2862 Rufum
538 2827 560 2857 ,
605 2804 690 2844 ex
721 2785 875 2844 alius
900 2784 1222 2866 scriptoris
1252 2780 1643 2843 testimonio
1632 2825 1649 2857 ,
1679 2787 1766 2841 vut
1789 2782 1873 2841 ait
1899 2781 2162 2841 Werns-

265 2882 532 2957 dorfius,
595 2884 885 2965 cognosci
937 2905 1066 2944 non
1121 2888 1366 2964 potest,
1427 2881 1549 2941 nisi
1591 2880 1769 2940 illum
1811 2886 2165 2962 togatarum

269 2987 336 3041 et
378 2987 850 3061 praetextarum
895 2985 1272 3064 scriptorem
1304 2981 1383 3041 ab
1417 2971 1776 3040 Scholiastis
1807 2972 2164 3040 Horatianis

266 3087 687 3141 memoratum
730 3082 853 3142 huc
880 3069 1119 3144 referre
1149 3080 1499 3162 placuerit.‘
1568 3079 1726 3140 Nam
1769 3080 1881 3159 qui
1911 3099 1948 3138 a
1971 3080 2165 3155 Quin-

267 3178 486 3240 tiliano
508 3180 580 3239 ¹›I.
632 3178 743 3240 Or.
787 3180 964 3242 Libr.
1001 3181 1053 3241 I.
1098 3202 1154 3242 c.
1198 3176 1260 3240 5.
1303 3187 1355 3253 §-
1390 3182 1493 3240 43.
1537 3180 1907 3259 producitur
1948 3176 2164 3238 Anto-

262 3277 418 3338 nius
447 3279 679 3359 Rufus
692 3321 716 3352 ,
760 3279 926 3339 haud
959 3281 1150 3341 dubie
1189 3279 1306 3339 fuit
1336 3278 1799 3340 Grammaticus
1815 3322 1834 3355 ,
1878 3278 2167 3338 laudatus

270 3377 539 3437 efiamfa
583 3378 760 3438 Velio
803 3376 1026 3461 Longo
1073 3381 1152 3440 de
1184 3377 1482 3461 Orthogr.
1526 3401 1589 3459 p.
1622 3379 1811 3439 2237.
1841 3378 1912 3438 P.
1958 3377 2167 3437 diver-

270 3497 376 3536 sus
419 3477 607 3556 plane
651 3478 757 3536 ah-
786 3477 894 3536 illo
953 3484 1141 3557 poeta
1194 3478 1442 3538 scenico
1463 3523 1480 3552 ,
1541 3498 1732 3557 quem
1790 3483 1862 3535 ut
1905 3474 2167 3556 Augusti

216 3626 235 3652 μ.
271 3581 474 3634 aetate
507 3576 748 3637 vixisse
774 3583 1082 3657 putemus,
1119 3577 1338 3637 suadet
1368 3571 1699 3656 conjuncta
1727 3576 1886 3635 Aelii
1911 3574 2168 3634 Lamiae
