2236 3932
724 191 806 231 DE
853 192 914 232 1,.
941 189 1149 233 Vinio
1195 189 1435 232 POETA.
1944 171 2029 235 45

109 326 383 390 miliaris
422 325 682 390 ineunte
722 347 891 389 amin
931 327 1011 388 U.
1042 324 1112 388 C.
1141 326 1291 387 716.
1374 323 1536 386 Nam
1561 323 1848 408 ejusdem
1874 331 2026 393 anni

119 448 343 489 mense
396 427 600 540 Aprili
613 469 635 502 ,
710 447 840 506 quo
903 427 1235 488 Maecenas
1293 424 1374 486 ab
1422 422 1773 488 Octaviano
1816 428 2027 490 Brun-

122 527 353 586 disimn
393 526 622 586 missus
679 532 809 602 est,
867 533 939 587 ut
981 547 1129 588 cum
1170 524 1259 584 Μ.
1302 506 1582 586 Antonio
1627 525 1954 607 colloquei·
1957 549 2028 588 3-

18 695 19 698 *
120 632 255 701 tur,
333 624 625 686 Horatius
682 624 753 684 in
806 624 974 686 illius
1033 625 1335 687 comitatu
1390 644 1462 684 31·
1463 629 1527 684 at
1551 624 1648 703 ³⁷).
1746 625 1844 687 De
1902 628 2027 690 hoc

118 724 349 786 itinere
401 744 519 805 per
574 728 880 784 aestatem
933 722 1220 806 ejusdem
1273 723 1425 783 anni
1486 725 1833 804 composuit
1891 725 2028 787 Lu-

119 823 249 883 cilii
305 821 674 905 exemplum
729 829 979 883 secutus
1039 821 1314 884 Satiram
1369 822 1699 911 quintam,
1770 824 1842 885 111
1897 846 2024 907 qua

13 971 15 974 .
116 920 461 999 felicitatis,
505 942 697 1003 quam
724 921 990 1006 Virgilio
1028 922 1349 1003 Varioque
1392 929 1714 1005 acceptam
1754 922 2025 1004 ferebat,

10 1094 13 1104 ,
118 1041 311 1082 sensu
351 1020 645 1103 perfusus
685 1021 936 1104 scripsit
974 1043 1040 1084 v.
1070 1022 1179 1110 Υ39.
1212 1042 1353 1102 sqq.

125 1198 129 1199 ἶ
199 1124 474 1183 Postera
517 1123 640 1203 lust:
682 1120 894 1182 oritur
935 1122 1139 1182 multo
1174 1119 1564 1198 gratissima
1581 1145 1601 1182 .·
1644 1118 1924 1206 namque

199 1213 454 1282 Plotius
495 1231 556 1281 et
604 1219 855 1283 Varius
894 1219 1240 1303 Sinuessae
1286 1219 1732 1304 Virgiliusque

206 1321 606 1394 Occurrunt,
652 1317 952 1394 animae,
998 1319 1219 1399 quales
1260 1339 1462 1402 neque
1503 1321 1917 1384 candidiores

209 1423 420 1483 Terra
461 1418 648 1493 tulit,
690 1437 908 1500 neque
933 1409 1075 1498 quis
1116 1437 1217 1476 me
1257 1416 1346 1477 sit
1388 1417 1747 1480 devinctior
1788 1423 1975 1486 alter.

205 1520 262 1580 Ο
306 1517 423 1602 qui
458 1517 830 1598 complexus
873 1524 935 1575 et
969 1514 1227 1594 gaudia
1270 1526 1520 1599 quanta
1543 1501 1876 1599 fuerunt!

197 1617 319 1680 Nil
355 1637 469 1696 ego
509 1613 887 1676 contulerim
920 1615 1210 1694 jucundo
1252 1637 1458 1676 sanus
1502 1617 1735 1681 amice.

0 1758 4 1798 3
111 1716 211 1778 Ex
271 1737 398 1799 quo
452 1715 596 1777 loco
653 1713 840 1776 simul
895 1714 1194 1775 discimus
1210 1758 1230 1791 ,
1308 1715 1556 1778 duobus
1609 1718 1736 1779 illis
1780 1691 2021 1800 amicis,

112 1817 343 1900 quibus
414 1836 486 1877 se
539 1834 926 1898 magnopere
985 1814 1350 1876 devinctmn
1413 1813 1752 1898 profitetur
1806 1819 2023 1903 poeta,

110 1917 445 1979 accessisse
485 1912 766 1975 Plotium
809 1914 1090 1975 Tuccam
1104 1913 1200 1993 ³⁸).
1287 1914 1461 1976 Haec
1505 1915 1714 1978 Satira
1730 1964 1752 1996 ,
1795 1919 2021 2003 inqua

108 2016 439 2078 Maecenas
493 2014 725 2075 blande
783 2012 1069 2097 optimus
1126 2015 1478 2095 appellatur
1533 2037 1598 2078 v.
1648 2019 1750 2079 27.
1769 2063 1790 2098 ,
1846 2020 2019 2082 haud

110 2117 303 2178 dubie
357 2111 615 2198 majoris
669 2114 839 2175 inter
907 2120 1252 2211 patronum
1310 2114 1492 2174 illum
1563 2120 1627 2177 et
1682 2117 2019 2182 Horatium

108 2215 547 2278 familiaritatis
606 2221 797 2296 atque
852 2207 1172 2275 interioris
1230 2214 1716 2291 necessitudinis
1777 2220 2021 2282 exstitit

111 2314 529 2379 conciliatrix.
643 2313 875 2395 Quanti
937 2318 1155 2376 autem
1214 2312 1439 2376 fecerit
1494 2315 1611 2384 ista
1667 2310 2018 2382 amicorum

254 2574 341 2639 37)
372 2573 607 2627 Conseras
654 2573 817 2626 Jahnii
861 2573 1124 2626 Introduct.
1167 2575 1219 2626 111
1264 2571 1539 2642 Virgiliiun·
1578 2594 1630 2639 p.
1667 2574 1824 2627 XIX.
1907 2575 2015 2628 Pax

108 2648 238 2696 enim
289 2665 397 2697 cum
446 2646 586 2698 Sext.
618 2647 848 2712 Pompeio
893 2650 1139 2710 superiore
1190 2665 1311 2697 311110
1361 2648 1516 2709 facta,
1570 2666 1659 2712 per
1691 2647 1889 2699 Menam
1924 2668 2014 2700 seu

104 2714 454 2781 Mellodunum,
511 2719 604 2772 Cu.
648 2718 868 2783 Pompeii
909 2717 985 2768 M.
1022 2719 1282 2783 libertum,
1338 2723 1539 2782 ejusque
1587 2721 1839 2784 perfidiam
1873 2731 2013 2784 rupta

106 2801 236 2840 erat:
293 2791 355 2840 cf.
411 2790 508 2842 Djo
557 2789 695 2842 Cass.
746 2790 884 2840 Libr.
922 2788 1177 2840 XLvlll.
1217 2808 1262 2841 c.
1291 2796 1378 2841 45.
1411 2807 1484 2854 sq.
1536 2800 1585 2842 et
1635 2791 1890 2856 Appianas
1944 2791 2009 2843 B.

107 2860 213 2912 civ.
251 2861 390 2912 Libr.
414 2860 485 2912 V.
523 2881 565 2913 c.
594 2869 743 2914 77—-
763 2869 849 2914 92.
939 2862 1234 2914 Octavianus
1277 2863 1424 2926 igitur
1457 2865 1588 2914 bello
1622 2866 1898 2914 imminente
1932 2862 2012 2915 M.

104 2933 400 2999 Antonium,
463 2933 676 2986 Athenis
733 2946 1133 2998 commorantem,
1201 2932 1516 2985 Brundisium
1583 2938 1829 2994 invitavit,
1887 2940 2029 2986 teste'

105 3003 332 3069 Appiano
378 3006 415 3055 l.
451 3024 493 3056 c.
541 3025 643 3070 cap.
671 3013 760 3059 78.
810 3005 1057 3055 Α1110111113
1103 3008 1232 3055 venit
1277 3007 1469 3057 ineunte
1519 3025 1644 3057 311110
1679 3006 1742 3057 U.
1776 3006 1837 3058 G.
1867 3013 2012 3072 716„
2008 3005 2014 3015 ’

107 3076 193 3125 sed
230 3094 337 3126 cnm
372 3075 689 3128 Octavianum
734 3079 803 3128 ibi
839 3095 932 3128 non
968 3079 1226 3138 inveniret,
1275 3079 1384 3128 vela
1420 3080 1567 3129 solvit
1601 3079 1855 3142 rediitque.
1928 3078 2012 3130 Do

107 3150 307 3199 coeteris
337 3146 630 3201 Maecenatis
675 3153 726 3200 in
767 3150 854 3200 illo
901 3151 1072 3201 itinere
1123 3150 1377 3201 comitibus
1413 3161 1634 3202 accurate
1667 3153 1767 3215 egit
1808 3148 2011 3202 Jahnius

105 3219 167 3268 ud
201 3218 253 3270 11.
283 3220 320 3268 l.
358 3238 405 3271 v.
435 3228 522 3273 32.
560 3227 755 3285 p..256

249 3325 338 3379 38)
385 3319 464 3370 De
508 3321 670 3372 Plotio
723 3322 893 3372 Tucca
937 3339 1262 3386 quaecumque
1297 3341 1375 3386 ap.
1415 3324 1670 3384 scriptores
1704 3330 1892 3372 veteres
1927 3322 2010 3372 le-

104 3400 309 3455 guntur,
365 3391 545 3457 collegi
593 3396 642 3443 in
689 3391 952 3443 Commeat.
1004 3392 1068 3444 de
1116 3395 1175 3444 G.
1235 3394 1422 3457 Valgia
1470 3394 1618 3461 va⁰
1664 3394 1820 3444 Poeta
1869 3394 1916 3458 §.
1954 3400 2007 3446 6.

103 3480 154 3525 p.
181 3469 302 3515 217.
377 3461 619 3526 Spohniu·
656 3466 706 3514 in
740 3464 1013 3530 Prolegom.
1050 3485 1100 3529 p.
1127 3470 1216 3518 48.
1254 3469 1554 3530 suspicatur,
1591 3465 1861 3530 Virgilium
1896 3483 2006 3515 cum

103 3530 262 3583 Plotio
298 3544 347 3584 et
382 3535 539 3587 Vario
591 3546 691 3587 tum
738 3555 983 3602 egressum
1027 3555 1136 3590 3333
1185 3536 1424 3602 Neapoli,
1479 3555 1576 3602 quo
1627 3556 1681 3589 33
1730 3538 2008 3588 contulisset

103 3607 364 3670 scripturus
399 3608 677 3672 propediem
712 3606 969 3675 Georgica.
