2236 3932
663 176 746 216 nn
791 174 1017 218 cAssxo
1063 173 1428 216 rAnmlstx.
1885 150 2012 228 229

107 314 261 375 alias
291 334 347 376 ο.
376 313 483 374 73.
524 311 887 373 nominatur
914 311 1143 382 ,Ἀλεξᾶς
1175 309 1220 370 ἰ.
1251 328 1308 370 e.
1332 307 1692 385 Ἀλέξανδρος
1728 305 1758 364 ὁ
1789 312 2014 396 Λαοδι-Ι·

107 418 251 483 κεύς.
339 413 564 492 Itaque
605 430 721 491 per
777 429 847 471 se
887 410 1046 469 nihil
1104 411 1439 488 obstabat,⁴
1483 428 1610 490 quo
1653 407 1859 466 minus
1901 408 2012 468 ille

109 513 354 574 Cassius
416 511 776 591 promiscue
829 529 998 570 nunc
1050 508 1347 570 Etruscus
1414 527 1583 568 nunc
1648 505 2012 566 Parmensis

108 612 563 693 designaretur.
659 598 744 667 At
798 613 944 667 stmt
1002 608 1155 684 alia,
1229 626 1391 689 quae
1455 606 1604 666 huic
1663 605 2012 666 sententiae

106 712 372 770 adversa
412 706 619 768 fronte
658 712 1030 789 repugnent.
1117 706 1200 767 Et
1241 713 1414 767 recte
1454 701 1749 786 Maffejus.
1774 725 2012 765 nomen

103 805 372 869 Emtsct’
405 827 523 887 pro
568 806 941 888 cognomine
982 806 1150 865 illius
1183 805 1380 866 Cassii
1419 810 1730 886 perpetuo
1775 823 1848 864 ac
1881 810 2011 864 sta-

107 907 225 967 bili
267 906 495 981 hahet,
540 907 711 986 quod
754 905 936 964 illum
966 910 1081 964 aut
1115 905 1326 985 ipsum
1369 910 1476 964 aut
1518 924 1718 962 unum
1758 922 1846 964 ex
1873 923 2011 963 ma-

104 1002 350 1086 joribus
407 1001 542 1084 ejus
597 1004 914 1065 invenisse
971 1003 1378 1084 suspicamur.
1489 1001 1567 1061 In
1626 1023 1747 1062 usu
1803 997 2012 1064 autem

102 1103 265 1164 illud
319 1103 514 1163 fuisse
572 1108 635 1164 et
690 1103 865 1162 nulla
919 1102 1044 1163 loci
1097 1102 1319 1161 natalis
1358 1099 1603 1162 ratione
1639 1102 1858 1162 *habita
1898 1101 2012 1162 tri-

104 1202 355 1278 butum,
397 1202 623 1261 illustri
656 1203 1035 1263 documento
1069 1207 1161 1261 est
1187 1200 1295 1260 ille
1333 1197 1647 1260 Claudias
1672 1201 2010 1278 Etru-sm,

106 1302 220 1382 qui
262 1301 506 1361 Tiberii
550 1301 832 1362 Caesaris
889 1301 1154 1360 libertus
1210 1298 1326 1358 sub
1370 1296 1866 1378 Imperatoribus
1909 1321 2012 1363 se-

106 1401 448 1481 quentibus
465 1443 485 1476 ‚
548 1401 726 1462 varia
767 1399 1025 1480 quidem
1083 1417 1231 1458 usus
1273 1394 1566 1470 fortuna,
1624 1399 1703 1457 ad
1745 1421 2011 1483 magnos

105 1499 384 1560 honores
445 1495 845 1579 majoresque
902 1517 1058 1578 opes
1115 1495 1410 1577 pervenit
1467 1501 1530 1556 et
1586 1517 1789 1560 senex
1835 1508 2011 1563 octo-

103 1598 398 1681 genarius
453 1599 571 1659 sub
613 1596 976 1658 Domitiano
1032 1601 1320 1656 mortuus
1364 1600 1481 1656 est.
1594 1596 2013 1662 Celebrantur

105 1693 243 1778 ejus
287 1697 575 1758 thermae
618 1699 698 1758 ab
743 1695 944 1758 Statio
989 1694 1168 1774 Sylv.
1212 1693 1390 1755 Libr.
1421 1695 1473 1755 I.
1519 1697 1725 1758 Carm.
1759 1698 1819 1760 5.
1865 1706 1932 1761 et
1974 1722 2012 1763 a

102 1795 389 1858 Martiale
418 1795 595 1859 Libr.
614 1798 718 1859 VI.
764 1797 977 1880 Epigr.
1009 1797 1111 1856 42.
1142 1801 1204 1854 et
1243 1794 1313 1855 in
1339 1794 1475 1877 ejus
1498 1804 1776 1859 mortem
1803 1805 2012 1862 exstat

104 1897 513 1978 Epitaphium
552 1897 855 1959 Martialis
897 1885 1076 1957 Libr.
1118 1895 1267 1956 VII.
1311 1895 1526 1978 Epigr.
1558 1898 1672 1978 40.
1709 1899 1786 1959 cl.
1829 1898 2009 1971 Libr.

102 1995 217 2057 VI.
275 1995 492 2079 Epigr.
534 1999 641 2059 83.
739 1996 858 2058 Ille
911 1997 1208 2057 libertate
1278 1996 1545 2056 donatus
1588 1999 1852 2079 patroni
1913 2001 2013 2062 sui

101 2096 346 2157 nomini
387 2094 705 2178 adjecerat
742 2095 1010 2157 Etrusci
1045 2116 1398 2180 cognomen
1412 2141 1431 2172 ,
1476 2096 1624 2157 licet
1667 2097 2012 2177 Smyrnam

101 2197 330 2256 urbem
370 2197 642 2258 natalem
669 2196 1026 2273 habuisset,
1071 2203 1142 2256 ut
1184 2202 1516 2256 attestatur
1547 2195 1783 2259 Statius
1827 2198 2009 2278 Sylv.

5 2298 11 2300 ’
105 2293 285 2356 Libr.
315 2294 433 2356 ΠΙ.
478 2295 686 2357 Carm.
718 2297 816 2373 3.,
876 2298 1048 2378 quod
1099 2294 1445 2356 Lacrimae
1484 2297 1755 2357 Etrusci
1789 2298 2011 2360 inscri-

103 2393 278 2455 hitur
292 2439 312 2471 ,
369 2416 434 2456 v.
462 2397 569 2456 60.
666 2395 868 2457 Porro
924 2402 1456 2457 commemoratur
1499 2416 1536 2456 a
1577 2395 1829 2479 Mass‘ejo
1872 2400 2014 2460 He-

45 2572 52 2578 ·
103 2493 373 2555 renuitas
429 2495 780 2571 Etruscas,
852 2492 1112 2576 Traiani
1166 2495 1347 2556 Decii
1401 2495 1599 2574 filius,
1677 2495 1856 2580 cujus
1910 2499 2011 2560 in·-

104 2599 351 2676 tegrum
391 2613 628 2655 nomen
677 2595 752 2673 Q.
796 2594 1173 2655 Herennia-s
1214 2596 1533 2656 Etruscas
1572 2597 1853 2658 Messius
1885 2601 2011 2659 De-

102 2692 246 2754 cius
300 2694 575 2754 occurrit
617 2682 693 2753 ‘in
751 2692 969 2756 Numis
1023 2714 1125 2775 ap.
1184 2693 1524 2756 Raschium
1579 2695 1681 2780 L„
1711 2697 1785 2758 N.
1816 2697 1900 2759 H.
1948 2701 2009 2760 2.

103 2814 170 2874 p.
219 2793 608 2854 228—232.
655 2800 721 2855 et
759 2794 828 2852 in
871 2793 1185 2875 Inscriptt.
1232 2815 1334 2876 ap.
1382 2794 1695 2858 Orellium
1736 2797 1809 2857 N.
1857 2799 2009 2858 995.

103 2898 171 2955 et
210 2893 360 2953 996.
449 2893 738 2974 Denique
782 2913 818 2954 a
863 2894 1177 2955 Kordesio
1221 2896 1300 2955 ad
1349 2895 1724 2957 Eberhardti
1766 2899 1913 2958 libr.
1954 2919 2008 2960 c.

103 3000 156 3065 §-
202 2992 306 3053 34.
360 2991 434 3052 Ν.
472 3014 578 3070 gg.
638 3014 700 3073 p.
747 2996 893 3054 210.
954 2994 1206 3054 additur
1262 2995 1577 3057 Etruscas
1619 2996 2007 3072 Messenia&

105 3087 282 3173 cujus
324 3090 726 3175 Epigramma
782 3093 848 3153 in
890 3093 1269 3155 Piscatorem
1324 3095 1554 3179 legitur
1593 3095 1663 3156 in
1703 3097 2011 3159 Bruncldi

105 3189 282 3251 Anal.
340 3190 527 3252 Tom.
571 3191 655 3251 Π.
700 3215 765 3274 p.
804 3193 954 3253 307.
1010 3193 1088 3253 cl.
1147 3190 1423 3257 Jacobsii
1480 3196 1817 3260 Animadv.
1863 3196 2008 3261 Vol.

103 3288 220 3349 111.
267 3289 335 3350 P.
364 3290 427 3351 3.
473 3313 536 3372 p.
565 3293 714 3352 892.
814 3293 944 3352 llos
1002 3313 1222 3355 omnes
1278 3301 1522 3356 certum
1580 3302 1677 3357 est
1731 3317 1865 3357 non
1906 3301 2011 3357 tu-

104 3388 254 3449 lisse
298 3409 336 3451 a
378 3397 549 3451 terra
592 3391 781 3452 natali
823 3413 1058 3454 nomen
1092 3394 1374 3456 Etrusci.
1462 3397 1668 3477 Atque
1711 3396 1883 3459 idem
1928 3398 2009 3459 (lc

106 3487 324 3550 Cassio
364 3490 711 3553 Horatiano
755 3491 1093 3554 «licendum
1133 3502 1260 3571 est,
1305 3496 1414 3577 qui
1458 3502 1565 3556 aut
1601 3497 2011 3560 vehementer

104 3586 323 3668 fallor,
380 3596 492 3652 aut
545 3590 601 3652 si
653 3610 691 3654 a
745 3591 883 3654 solo
935 3593 1137 3676 patrio
1194 3595 1612 3679 designandus
1655 3602 1825 3676 erat,
1882 3618 2009 3660 non
