2236 3932
271 141 397 212 3‘60
837 173 915 212 mz
964 169 1184 210 cAssm
1231 170 1591 211 PARMENsr.

261 305 608 368 Triumviri
652 308 803 368 olim
847 304 1186 369 adversarii
1227 303 1392 380 filio,
1437 311 1510 365 ut
1557 327 1701 389 cum
1747 308 1918 369 illam
1957 309 2155 390 privi-

269 423 459 487 gnam
499 405 619 485 ipsi
664 405 944 464 odiosam
986 424 1062 465 ac
1100 404 1465 483 molestam,
1509 411 1647 467 tum
1674 406 1958 488 inprimis
1989 408 2157 469 hunc

270 503 469 586 gratia
510 503 841 564 florentem
884 522 956 562 ac
997 508 1319 583 potentem
1373 505 1783 586 subverteret.
1881 506 1934 565 A
1991 507 2159 589 cogi-

269 602 461 682 tando
492 607 706 662 autem
736 597 1045 681 ejusmodi
1087 603 1324 663 scelere
1346 602 1574 664 Juliam
1590 649 1609 682 ,
1653 605 1859 693 mollis
1886 605 2158 685 laetique

269 700 462 764 animi
502 698 830 776 feminam,
875 700 1049 759 mihi·
1071 701 1607 781 persuasissimum
1653 710 1744 764 est
1776 703 2016 785 pariter
2042 697 2158 763 ab·

268 797 456 859 fuisse
505 817 579 858 ac
604 796 820 860 Julum
843 798 1198 878 ¹Antonium
1214 843 1233 875 ,
1277 799 1489 860 virum
1530 800 1767 862 honum
1811 823 1882 866 ac
1923 801 2157 863 fortem

268 903 333 964 et
373 896 653 978 Augusto
696 880 908 958 multis
948 897 1307 958 nominibus
1350 898 1740 959 obstrictum.
1825 900 1904 961 Et
1945 901 2157 983 Augu-

270 1001 403 1056 stus
465 995 748 1075 quamvis
797 993 926 1078 jam
983 996 1427 1078 sexagenarius
1442 1040 1460 1072 ,
1518 997 1684 1059 vitae
1740 1005 1951 1059 tamen
2006 1019 2157 1060 suae

270 1094 666 1174 imperioque
685 1094 1092 1156 vehementer
1113 1101 1419 1173 metuenS,
1449 1097 1695 1176 quoties
1725 1095 2159 1180 hujuscemodi

270 1192 621 1273 periculum
650 1191 1036 1270 immineret,
1079 1193 1147 1254 in
1178 1193 1502 1274 pristinam
1517 1238 1537 1271 ,
1581 1215 1666 1256 ne
1694 1197 1897 1257 dicam
1912 1240 1932 1273 ,
1975 1197 2160 1256 inna-

269 1297 395 1351 tam
421 1291 544 1372 ipsi
574 1291 1008 1352 crudelitatem
1042 1292 1267 1373 erupit,
1300 1299 1366 1353 et
1395 1292 1637 1370 Julum,
1670 1294 1923 1354 affinem
1951 1315 2156 1371 suum,

269 1390 509 1450 eadem=
533 1409 738 1471 poena
781 1389 941 1451 affici
982 1389 1192 1476 jussit,
1251 1411 1379 1471 qua
1423 1391 1853 1454 Salvidienum
1896 1400 1962 1454 et
2004 1393 2160 1454 Cor-

271 1488 507 1550 nelium
551 1488 831 1566 Gallum,
886 1499 1227 1570 utrumque
1282 1491 1552 1551 amicum
1608 1493 1689 1552 de
1731 1512 1798 1552 se
1839 1493 2159 1569 meritum,

273 1588 353 1647 de
393 1587 607 1648 medio
649 1588 1010 1666 sustulerat,
1055 1595 1120 1650 et
1155 1588 1420 1675 Juliam,
1465 1590 1717 1651 unicam
1758 1590 1986 1669 filiam,
2028 1613 2159 1652 non

273 1692 406 1746 tam
435 1687 758 1764 omnibus,
800 1693 869 1747 ut
900 1687 1297 1749 dictitabatur
1310 1734 1331 1768 ,
1374 1689 1626 1770 probris
1655 1688 2158 1766 contaminatam,

273 1774 467 1866 quam
527 1783 683 1846 falso
741 1786 1217 1866 conspirationis
1275 1788 1543 1850 crimine·
1605 1790 1893 1852 obrutam
1965 1789 2161 1850 exilio

273 1889 577 1967 perpetuo
633 1890 699 1946 et
753 1903 1127 1947 aerumnoso
1180 1888 1445 1968 punivit.
1510 1926 1512 1928 v
1549 1885 1740 1970 Cujus
1805 1887 1953 1949 facti
2017 1907 2160 1949 cum

253 1982 482 2063 'ipsum
509 1983 705 2044 serius
726 1983 1533 2066 vehementer-poenituisse
1557 1993 1799 2049 constet
1825 1987 1915 2066 (v.
1935 1985 2160 2048 Senec.

275 2083 337 2141 d.
380 2081 600 2143 Benef.
645 2080 820 2148 Libr.
852 2082 962 2142 VI.
1007 2085 1198 2145 6.·32.
1242 2094 1292 2159 §.
1327 2086 1453 2165 2.);
1498 2086 1796 2147 credibile
1838 2093 1970 2164 est,
2015 2105 2162 2147 eum

277 2181 693 2263 comperisse,
738 2201 926 2262 quam
956 2181 1182 2245 falsum
1222 2180 1440 2246 fuisset
1478 2185 1642 2246 istud
1685 2185 2166 2266 conspirationis·

276 2279 542 2345 crimen!
587 2280 938 2361 Utcumque
970 2289 1066 2342 est
1078 2325 1098 2358 ,
1139 2283 1205 2342 in
1239 2304 1466 2367 magno
1496 2304 1713 2345 errore
1741 2285 1978 2347 versari
2008 2291 2162 2366 puto

279 2398 410 2456 eOS,
443 2380 553 2460 qui
582 2380 927 2463 Augustum
956 2382 1334 2462 propudiosa
1351 2383 1480 2444 Juli
1509 2390 1571 2444 et
1589 2382 1795 2445 Juliae
1820 2384 1951 2446 vita
1976 2383 2170 2444 unice·

242 2523 244 2525 -
279 2484 638 2558 permotum
680 2499 819 2540 esse
860 2480 1104 2558 dicant,
1150 2488 1220 2542 ut
1245 2488 1378 2547 tam
1417 2483 1691 2566 graviter
1733 2483 1813 2543 de
1856 2484 2169 2543 ambobus·

278 2582 594 2638 statueret.
680 2577 1142 2640 Praefecturam
1179 2602 1429 2643 morum
1472 2602 1508 2643 a
1552 2603 1621 2643 se
1663 2588 2018 2663 susceptam
2061 2601 2163 2643 se-

242 2756 247 2765 t
278 2675 489 2736 verius
516 2676 732 2757 utique
753 2699 1231 2760 nonnumquam
1257 2681 1724 2743 administrabat
1747 2682 2163 2762 cupiebatque

278 2775 482 2836 videri
534 2780 1075 2856 τριςαρειοπαγίτηςς
1133 2782 1244 2841 sed
1301 2779 1415 2860 qui
1464 2779 1697 2841 factum
1752 2787 1882 2857 est,
1934 2786 2039 2858 ut,
2096 2781 2162 2840 id

282 2871 636 2957 quodiam
690 2877 1097 2960 scriptoribus
1132 2881 1452 2941 veteribus
1506 2880 1904 2941 mirationem
1946 2877 2164 2939 fecisse

285 2973 535 3053 scimuS,
570 2995 714 3038 cum
736 2976 802 3036 in
833 2977 1100 3038 aliorum
1127 2979 1447 3040 adulteriis
1477 2967 1861 3056 conmreret,
1909 2997 2163 3039 omnem

192 3131 194 3133 ,
285 3070 689 3135 humanitatis
733 3095 983 3138 sensum
1024 3097 1097 3139 ac
1136 3078 1413 3158 parentis
1469 3098 1615 3161 erga
1672 3098 1819 3140 suos
1873 3074 2163 3139 affectum

286 3169 562 3254 ejurasse
587 3173 937 3252 videretur,
978 3195 1122 3237 cum
1149 3173 1434 3259 ejusdem
1461 3176 1678 3261 flagitii
1701 3177 1880 3240 Julus
1907 3182 1974 3237 et
1999 3163 2162 3236 Julia

284 3277 720 3332 accusarentur
738 3268 770 3332 Ρ
813 3273 1197 3356 Temperare
1226 3275 1383 3336 mihi
1408 3297 1535 3337 non
1564 3297 1816 3358 possum
1847 3276 1998 3357 quin
2016 3288 2019 3290 ’
2039 3275 2165 3335 huc

286 3371 723 3433 transscribam
755 3391 862 3446 ea,
907 3360 1077 3453 quac¹
1096 3375 1175 3435 de
1202 3373 1320 3436 hac
1361 3395 1433 3437 re
1474 3397 1601 3436 non
1643 3376 1852 3437 minus
1892 3374 2164 3462 graviter

202 3471 208 3473 ‘
287 3486 361 3528 ac
403 3470 667 3531 candide
709 3470 951 3553 scripsit
979 3471 1081 3533 Jo.
1114 3473 1190 3535 G.
1220 3472 1582 3535 Loebellius
1622 3476 1690 3534 in
1719 3473 2163 3535 Dissertatione

282 3567 361 3627 dc
389 3566 648 3655 Augusti
673 3564 1022 3652 Principatu
1065 3570 1264 3632 inr.
1304 3573 1382 3635 dc
1407 3574 1741 3637 Raumerii
1776 3567 2160 3636 Histoi-esch.
