2236 3932
208 129 291 189 44
802 146 886 187 DE
930 147 990 187 1..
1033 144 1241 187 vnum
1286 143 1526 185 POETA.

208 285 499 343 cenatem
513 325 534 358 ,
577 280 728 346 huic
768 262 936 342 male
978 279 1274 340 sentienti
1317 279 1396 339 de
1419 276 1665 338 Horatii
1706 277 1918 338 animo
1960 297 2109 359 per-

211 386 575 457 suaserunt,
628 386 703 440 ut
743 380 1021 467 primum
1065 378 1126 439 ei
1168 377 1410 439 aditum
1453 377 1829 438 concederet
1842 375 1939 457 ³⁶).

381 480 482 540 Ex
535 481 654 539 1130
710 479 918 558 prima
974 464 1446 573 congressione,
1520 496 1713 556 quam
1767 481 1921 569 tam'
1940 475 2109 538 veris

210 566 624 660 pulchrisque
666 577 771 637 hic
803 575 1115 654 depictam
1157 565 1422 655 legimus
1466 575 1781 634 coloribus
1794 618 1814 650 ,
1858 573 2110 634 tametsi

213 677 511 737 Horatius
557 666 786 735 abiisse
828 662 1080 733 videtur
1105 666 1362 753 majoris
1379 717 1398 749 ,
1445 693 1637 752 quam
1667 693 1794 753 quo
1824 679 2110 748 venerat,

214 776 408 836 studii
433 765 520 849 sin
561 773 994 832 Maecenatem
1037 767 1263 850 plenus
1279 815 1300 847 ,
1342 772 1709 851 neutiquam
1750 776 1966 842 tamen
1997 771 2111 831 de-

212 868 346 951 siit,
407 873 810 953 quocumque
853 873 1106 950 poterat
1146 869 1290 930 loco
1333 889 1405 930 ac
1445 875 1732 952 tempore
1745 915 1766 948 ,
1823 870 2112 932 vellicare

211 969 620 1033 Caesarianos
690 989 764 1029 ac
819 988 1307 1057 nonnumquam
1371 969 1756 1050 petulantius
1823 969 2111 1029 illudere.

209 1059 315 1131 Illi
329 1116 348 1147 ,
409 1081 570 1154 quos
615 1067 823 1129 Satira
866 1068 1142 1127 secunda
1183 1067 1672 1148 perstrinxerat,
1718 1069 2114 1131 Venusinum

209 1168 442 1230 Lucilii
496 1167 975 1230 aemulatorem
1059 1166 1407 1249 aegerrime
1483 1167 1772 1229 ferebant
1849 1165 2114 1252 ejusque

209 1270 380 1330 laudi
420 1269 710 1358 poeticae
746 1267 836 1326 ita
884 1266 1355 1344 obtrectabant,
1399 1273 1470 1327 ut
1510 1268 1692 1327 illum
1726 1265 2114 1328 Suessanum

204 1359 666 1430 Auruncaiium
679 1412 700 1445 ,
767 1366 883 1447 qui
940 1366 1180 1446 primus
1238 1367 1608 1428 condiderat
1665 1367 1813 1446 styli
1866 1387 2113 1441 nasum,

210 1470 532 1556 potiorem
575 1468 856 1528 dicerent
898 1486 971 1527 ac
1013 1466 1232 1548 longe
1240 1466 1652 1547 praeferrent.
1736 1467 1835 1527 De
1875 1466 1974 1525 his
2014 1465 2116 1525 in-

209 1569 398 1630 sulsis
454 1568 688 1650 pariter
746 1571 938 1647 atque
982 1563 1228 1648 injustis
1272 1565 1628 1649 indignatus
1672 1561 1916 1649 judiciis
1960 1564 2116 1626 scri-

208 1669 332 1752 psit
389 1667 683 1729 Horatius
739 1686 858 1747 per
915 1671 1220 1725 aestatem
1274 1685 1330 1724 a.
1375 1666 1449 1726 U.
1496 1665 1565 1725 C.
1607 1662 1756 1726 715.
1810 1674 2116 1747 Quartam

211 1767 488 1830 Satiram
503 1811 523 1843 ,
595 1766 685 1825 111
722 1784 848 1844 qua
906 1765 985 1823 de
1042 1763 1392 1823 carminum
1448 1785 1711 1824 suorum
1762 1764 2007 1824 ratione
2050 1768 2116 1822 et

209 1867 473 1928 consilio
518 1864 852 1945 exposuit,
922 1864 1078 1923 istos
1119 1854 1352 1922 Lucilii
1394 1863 1753 1924 laudatores
1795 1862 2115 1944 redarguit

205 1972 268 2027 et
327 1966 506 2029 velut
548 1955 738 2025 'aliud
796 1984 985 2047 agens
1043 1962 1446 2024 Caesarianos
1461 2007 1479 2041 ,
1550 1963 1620 2022 in
1661 1963 1758 2023 his
1799 1961 2115 2022 Petillium

210 2053 635 2147 Capitolinum
650 2077 674 2141 ,·
717 2056 1045 2125 Octaviani
1075 2063 1272 2146 gratia
1299 2069 1628 2143 potentem
1643 2106 1663 2139 ,
1710 2061 1940 2122 salibus
1965 2081 2114 2142 per-

206 2164 443 2238 fricuit.
552 2163 729 2224 Hanc
790 2162 1065 2223 Satiram
1119 2163 1418 2244 proxime
1473 2167 1686 2223 secuta
1742 2166 1840 2222 est
1891 2159 2111 2237 tertia,

208 2266 325 2347 per
366 2265 644 2326 hiemem
685 2263 836 2323 anni
863 2263 939 2323 U.
974 2262 1041 2323 C.
1070 2266 1204 2329 7÷÷.
1253 2251 1618 2344 composita.
1702 2260 1806 2320 Ex
1836 2265 2113 2340 utroque

207 2365 514 2441 carmine,
558 2364 874 2444 perpolito
920 2369 985 2422 et
1027 2370 1316 2423 accurate
1349 2362 1601 2443 scripto,
1647 2381 1843 2441 quum
1871 2360 2115 2420 Maece-

211 2465 328 2525 nas
373 2463 671 2541 vidisset,
727 2462 1056 2523 Horatimn
1096 2463 1164 2523 in
1209 2463 1541 2524 scribendo
1584 2461 1927 2542 plurimum
1969 2458 2115 2540 qui-

209 2564 360 2624 dem
404 2570 469 2624 et
513 2563 657 2624 salis
700 2563 935 2624 habere
979 2568 1046 2622 et
1085 2561 1250 2623 fellis
1268 2607 1288 2640 ,
1331 2581 1454 2622 1130
1495 2561 1704 2621 minus
1728 2567 1943 2619 tamen
1971 2577 2116 2618 can-

212 2663 417 2739 doriS,
493 2655 653 2724 eum'
699 2683 870 2723 nono
927 2668 1072 2743 post
1119 2661 1399 2744 primum
1443 2679 1848 2744 congressum
1893 2677 2113 2718 mense

207 2761 542 2855 'revocavit
604 2769 703 2840 et,
767 2762 1052 2841 deposita
1096 2762 1413 2822 simultate
1429 2805 1448 2838 ,
1492 2761 1562 2821 in
1605 2759 1952 2836 amicorum
1991 2778 2114 2816 nu-

208 2846 390 2924 mero
435 2882 573 2922 esse
615 2858 816 2944 jussit.
914 2861 1052 2923 Hoc
1093 2860 1342 2944 Virgilii
1384 2868 1448 2922 et
1489 2859 1663 2921 Varii
1715 2849 2113 2939 potissimum

212 2973 408 3042 opera
451 2966 516 3022 et
558 2961 765 3021 studio
809 2959 1046 3022 factum
1088 2981 1261 3036 esse,
1308 2959 1580 3020 dubitari
1620 2957 1863 3038 nequit.
1951 2956 2114 3016 Coe-

209 3061 302 3142 pit
345 3065 556 3122 autem
597 3059 896 3121 Horatius
940 3081 1076 3122 esse
1118 3057 1498 3121 Maecenatis
1542 3058 1868 3120 convictor
1909 3060 1976 3115 et
2016 3053 2113 3115 fa—

360 3322 447 3376 36)
484 3316 681 3366 Mecum
731 3318 996 3383 consentire
1045 3334 1102 3366 ea
1148 3318 1197 3366 in
1238 3334 1292 3367 re
1338 3317 1478 3367 video
1516 3314 1629 3367 Gar.
1663 3312 1974 3372 Passovium,
2030 3312 2113 3373 qui

211 3389 262 3436 in
323 3388 427 3437 Vit.
472 3389 654 3440 Horat.
707 3407 757 3451 p.
794 3386 1060 3436 XXXIX.
1100 3405 1204 3451 sqq.
1257 3390 1317 3437 de
1374 3398 1536 3437 mutua
1590 3384 1962 3442 necessitudine,
2019 3400 2112 3444 qua

213 3457 362 3509 Poeta
408 3459 688 3510 Venusinus
741 3477 851 3509 cum
897 3457 1112 3524 Virgilio
1161 3469 1210 3509 et
1246 3459 1403 3510 Vario
1441 3461 1718 3524 conjunctus
1752 3457 1954 3518 vixerit,
2002 3454 2111 3516 pul-

217 3530 451 3585 cherrime
484 3534 689 3594 scripsit.
