2236 3932
243 142 369 205 382
1012 122 1480 221 INDEX·-

240 297 483 348 Antistius
518 297 710 362 Labeo,
753 295 827 348 Μ.
843 335 858 359 ,
905 315 1158 360 percussor

235 389 242 398 ¹
314 367 534 421 Caesaris
564 399 627 408 ——
660 376 779 419 250.
810 375 910 427 253
928 379 1028 418 not.

238 440 484 491 Antistius
512 441 706 496 Labeo,
745 442 803 489 ab
830 440 1032 490 Horatio
1062 451 1157 491 tra·

314 512 482 562 ductus
513 540 583 548 ——
617 518 740 562 321.

238 580 453 632 Antonia
468 620 482 646 ,
541 581 600 631 C.
648 581 851 631 Antonii
897 583 996 632 filia
1045 593 1156 632 natu

310 657 492 714 minor,
528 655 678 702 altera
710 673 832 702 uxor
856 653 931 703 M.
959 654 1156 703 Antonii

309 753 382 764 —-
406 731 508 776 338
520 743 593 787 sq.
617 755 677 762 --
699 744 794 774 non
811 728 949 774 tertia
963 725 1035 774 M.
1047 727 1158 776 An-

307 798 423 844 tonii
441 815 563 845 uxor
577 805 649 844 est
661 824 728 833 —
748 802 869 847 339.
885 824 951 834 -
969 799 1155 859 quando

308 868 502 916 dimissa
534 869 592 915 ab
632 885 690 916 eo
734 898 794 906 —
835 867 956 917 ibid.
997 871 1156 919 nullos

306 940 484 993 liberos
510 942 695 1000 peperit
709 939 924 988 Antonio
943 967 1010 977 —
1031 946 1155 991 341.

233 1008 497 1072 Antonius,
535 1010 697 1073 sulus,
737 1011 868 1060 filius
892 1010 968 1062 M.
996 1011 1156 1061 Anto-

306 1084 375 1130 nii
398 1085 629 1131 triumviri
655 1095 769 1130 natu
793 1086 948 1132 minor
960 1101 1021 1132 ex
1037 1082 1156 1132 Ful-

283 1201 286 1206 .
306 1156 385 1202 via
403 1179 469 1190 —-
489 1158 590 1204 342
608 1171 713 1215 sqq.
735 1183 796 1191 —
814 1156 1002 1216 quando
1017 1165 1157 1204 natus

304 1226 525 1273 videatur
541 1252 612 1260 -—
630 1231 754 1275 370.
782 1254 844 1264 --
873 1227 1063 1275 videtur
1083 1229 1156 1275 bi-

303 1299 509 1346 nominis
539 1297 690 1345 fuisse
718 1323 789 1333 —-
814 1302 936 1348 346.
961 1326 1033 1334 -—
1060 1316 1156 1347 non

305 1368 472 1416 habuit
529 1386 814 1429 praenomen
854 1370 1035 1419 Marci
1074 1371 1156 1418 vel

303 1439 458 1488 Lucii
470 1466 539 1473 —
556 1438 677 1487 ibid.
709 1467 769 1475 —-
798 1441 1001 1489 fueritne
1014 1439 1045 1489 J
1047 1443 1154 1490 ulus
1181 1459 1183 1462 ⁴

249 1524 257 1534 '
306 1529 367 1560 an
379 1509 539 1559 Julius
554 1513 821 1560 nominatus
849 1542 910 1550 -—
931 1517 1031 1560 342
1044 1530 1149 1575 sqq.

256 1626 259 1627 ⁷
309 1575 374 1619 -Ῑ
406 1583 609 1630 fueritne
637 1581 778 1632 Julus
810 1586 916 1646 ejus
953 1601 1153 1645 praeno-

306 1671 416 1703 men
445 1671 504 1701 an
532 1671 793 1716 cognomen
824 1681 892 1693 —-
925 1659 1027 1704 344
1042 1671 1149 1717 sqq.

306 1752 376 1762 -
392 1723 423 1774 J
427 1726 495 1772 uli
519 1742 692 1773 nomen
708 1743 790 1774 cur
810 1727 1154 1788 eifimpositum

304 1815 334 1847 a
361 1805 492 1858 patre
524 1823 593 1832 -
625 1801 726 1846 346
743 1800 997 1859 sqq.'370.
1027 1799 1153 1846 male

304 1871 626 1931 ei‘agnomen
665 1867 890 1917 Africani
931 1869 1153 1918 tribuitur

303 1969 376 1981 --
412 1934 534 1990 345.
567 1949 645 1974 —-'
669 1949 765 1988 'non
793 1940 885 1988 fuit
915 1941 964 1988 in
1004 1943 1152 2002 patris

303 2013 559 2074 comitatu,
595 2009 691 2060 sed‘
709 2010 889 2060 Romae
923 2014 974 2060 in
1001 2010 1155 2061 Octa-

304 2085 412 2138 viae
450 2100 680 2132 novercae
733 2083 873 2132 domo
926 2083 1153 2134 educatus

307 2163 381 2205 est
404 2179 474 2191 —-
503 2158 622 2204 348.
652 2159 774 2205 369.
819 2184 886 2193 -—
926 2164 974 2204 et
1000 2158 1154 2204 omnis

305 2226 520 2276 liberalis
558 2225 798 2275 doctrinae
835 2228 1035 2277 scientia
1081 2230 1154 2275 in-

304 2307 513 2349 structus
551 2324 614 2334 -
649 2304 772 2347 357.
803 2304 926 2349 369.
959 2327 1023 2336 -
1062 2316 1156 2361 qua

305 2364 405 2434 jam
431 2387 458 2418 a
484 2371 660 2418 teneris
687 2372 821 2418 annis
855 2370 1068 2434 Aug-usti
1105 2373 1156 2418 in

303 2444 507 2505 gratiam
549 2458 602 2489 se
641 2443 896 2490 insinuavit
931 2470 993 2478 —
1030 2445 1151 2492 357.

307 2519 432 2564 369.
474 2530 691 2575 magnam
725 2514 909 2562 virtutis
949 2515 1155 2576 probita-

303 2587 461 2646 tisque
485 2586 754 2645 opinionem
777 2583 958 2633 Romae
992 2583 1157 2632 habuit

307 2682 379 2693 --
405 2660 524 2705 362.
553 2683 619 2691 —
645 2655 703 2703 ad
727 2673 847 2718 quos
869 2654 1075 2705 honores
1097 2657 1155 2703 ab
1213 2662 1217 2666 ’

290 2726 533 2789 .Aug·usto
548 2737 736 2777 evectus
752 2730 814 2776 sit
840 2757 900 2764 —
922 2734 1024 2778 357
1040 2727 1154 2775 coll.

311 2803 434 2850 345.
466 2827 526 2836 --
564 2797 700 2845 ducta
727 2802 775 2846 in
802 2801 1157 2848 matrimonium

307 2859 543 2919 Marcella
571 2872 749 2931 majore
768 2870 928 2919 affinis
943 2871 1156 2934 Augusti

309 2942 462 2990 factus
495 2949 569 2989 est
602 2968 672 2976 —
707 2943 807 2991 356
835 2960 907 3004 sq.
936 2973 1007 2980 -
1040 2960 1157 2990 con-

308 3015 604 3076 junctissime
618 3014 737 3061 vixit
754 3031 859 3061 cum
870 3013 1072 3062 Horatio
1085 3041 1157 3049 —

314 3089 528 3133 2671101.
561 3086 681 3133 334.
708 3089 828 3134 362.
859 3091 979 3135 369.
1012 3114 1072 3122 -
1110 3087 1156 3133 ei

309 3151 549 3215 inscripsit
567 3154 795 3205 Horatius
817 3154 971 3206 Odar.
988 3154 1082 3217 lV,
1105 3162 1155 3205 2.

309 3255 382 3265 —-
409 3230 529 3276 343.
558 3232 658 3276 362
672 3245 778 3295 sqq.
803 3258 872 3264 -—
896 3230 988 3276 fuit
1018 3238 1156 3290 poeta

310 3306 359 3347 et
383 3299 572 3358 scripsit
600 3315 787 3347 carmen
807 3301 1010 3361 epicum,
1036 3297 1156 3348 Dio-

311 3369 527 3419 medeam
553 3397 611 3404 -
630 3376 731 3419 367
748 3388 853 3436 sqq.
872 3371 1157 3419 adulterium
1172 3390 1180 3402 ³

312 3441 549 3488 commisit
573 3458 677 3488 cum
698 3439 825 3490 Julia
854 3472 914 3479 —-
940 3447 1060 3491 358.
1084 3461 1155 3479 ⁴—-

311 3529 420 3559 cum
450 3529 560 3558 eum
585 3512 785 3560 interfici
812 3516 1031 3574 jussisset
1046 3511 1157 3561 Au·—

331 3591 514 3641 msuis,
557 3585 658 3644 ipse
688 3585 780 3632 sibi
807 3601 995 3632 manum
1033 3586 1157 3632 intu-

1291 301 1350 349 lit
1375 330 1434 339 —-
1465 300 1590 353 ibid.
1620 330 1692 340 —
1720 305 1835 368 quid
1860 304 2136 370 Aug-ustum

1290 374 1534 434 impulerit
1569 375 1629 423 ad
1663 379 1946 438 supplicium
1988 380 2046 426 ab
2079 397 2136 427 eo

1291 445 1571 493 sumendum
1586 473 1658 481 -—-
1674 453 1774 498 358
1791 467 1898 510 sqq.
1925 479 1987 486 -—-
2012 450 2137 499 salso

1289 516 1590 566 insimulatus
1631 523 1988 582 conspirationis
2031 538 2136 568 cum

1290 583 1419 634 Julia
1446 616 1510 624 —-
1543 595 1664 638 360.

1220 654 1481 721 Antonius,
1506 657 1602 720 Μ.,
1633 662 1870 723 triumvir,
1897 679 1992 723 quo
2014 679 2136 711 anno

1291 738 1429 777 natus
1454 733 1516 778 sit
1542 762 1605 769 -—
1641 738 1762 782 335.
1803 761 1864 769 —
1908 737 2013 794 ejus
2053 751 2136 795 pa-

1290 809 1450 848 rentes
1469 803 1550 862 qui
1574 804 1751 852 fuerint
1773 831 1842 840 --
1857 809 1959 854 334
1973 822 2047 866 sq.
2074 832 2136 841 —

1291 871 1478 933 quando
1499 882 1680 934 patrem
1701 877 1911 924 amiserit
1926 903 1994 911 —
2011 881 2133 925 335.

1289 967 1361 980 ·—
1384 946 1462 991 cui
1487 954 1636 993 mater
1661 948 1876 1006 nupserit
1902 958 2009 1008 post
2034 949 2136 996 obi-

1290 1024 1390 1062 tum
1416 1017 1564 1076 patris
1591 1016 1791 1064 Antonii
1824 1044 1893 1052 -
1916 1025 2038 1068 335.
2066 1046 2134 1055 -—

1291 1088 1398 1144 eius
1418 1089 1657 1150 ingenium
1681 1097 1729 1137 et
1754 1088 1954 1137 facultas
1974 1100 2136 1150 ‘orato-

1289 1160 1359 1205 ria
1385 1186 1455 1194 —
1481 1164 1580 1237 335
1598 1173 1670 1220 sq.
1698 1187 1758 1195 —-
1785 1161 1957 1220 quibus
1984 1162 2135 1222 magi-

1290 1231 1402 1278 stris
1431 1230 1616 1278 dicendi
1647 1245 1762 1279 usus
1785 1232 1932 1279 fuerit
1947 1261 2017 1268 —-—
2032 1238 2135 1281 336

1290 1317 1365 1362 sq.
1396 1331 1465 1339 -—
1497 1302 1623 1363 quod
1649 1319 1802 1364 genus
1839 1302 2023 1350 dicendi
2053 1320 2135 1351 se-

1290 1381 1427 1421 cutus
1451 1375 1514 1420 sit
1537 1400 1606 1409 —
1622 1379 1742 1424 337.
1762 1401 1834 1408 —
1857 1374 2135 1422 libidinibus

1287 1445 1474 1505 juvenis
1492 1445 1692 1498 indulsit
1705 1471 1769 1481 —
1787 1443 1911 1494 ibid.
1929 1476 1998 1483 —-
2014 1464 2135 1506 quae

1289 1517 1498 1563 animum
1519 1519 1623 1576 ejus
1649 1517 1967 1565 obtundebant
1990 1526 2039 1565 et
2062 1520 2136 1564 in-

1286 1588 1478 1649 genium
1509 1587 1791 1636 hebetabant
1818 1616 1888 1624 —
1915 1586 2037 1636 ibid.
2065 1614 2135 1624 -—

1288 1676 1492 1718 qnorum
1522 1660 1858 1708 consuetudine
1886 1677 2003 1709 usus
2031 1661 2136 1709 fue-

1287 1731 1350 1776 rit
1375 1732 1562 1792 jnvenis
1580 1761 1650 1769 —-
1664 1730 1786 1779 ibid.
1818 1758 1883 1767 —
1911 1748 1994 1780 cur
2011 1741 2058 1779 et
2073 1749 2137 1780 ex

1288 1818 1382 1862 quo
1434 1810 1646 1864 tempore
1694 1803 1963 1851 simultates
2013 1805 2136 1852 inter

1231 1930 1237 1935 ,
1288 1875 1552 1946 Antoninum
1579 1883 1626 1922 et
1648 1872 1721 1922 M.
1753 1873 1966 1922 Tullium
1992 1871 2135 1924 Cice-

1286 1962 1451 1993 ronem
1473 1973 1542 1982 —
1559 1951 1680 1996 335.
1704 1972 1768 1982 —
1787 1946 1977 2008 quando
1995 1943 2137 1995 Cleo-

1288 2026 1469 2076 patram
1509 2019 1711 2079 primum
1752 2019 2027 2081 cognoverit
2063 2044 2137 2053 —

1288 2085 1412 2135 ibid.
1436 2118 1497 2125 -—
1517 2090 1565 2135 in
1592 2090 1807 2150 epistolis
1831 2089 2137 2150 exprobravit

1291 2157 1555 2208 Octaviano
1584 2161 1925 2223 ignobilitatem
1948 2189 2009 2197 -—
2031 2164 2134 2210 284

1290 2247 1395 2291 sqq.
1415 2257 1483 2267 ——
1504 2242 1612 2292 post
1633 2233 1864 2292 proelium
1882 2231 2134 2279 Actiacum

1290 2301 1350 2350 ad
1377 2299 1690 2350 Octavianum
1720 2313 1792 2351 ter
1819 2303 2003 2366 legatos
2037 2304 2136 2350 fru-

1290 2382 1390 2422 stra
1425 2376 1555 2422 misit
1593 2403 1654 2412 —-
1694 2379 1796 2424 258
1828 2392 1933 2435 sqq.
1967 2402 2035 2408 -—
2075 2373 2138 2422 ad

1291 2462 1400 2494 eum
1430 2447 1614 2494 transiit
1640 2442 1835 2495 Cassius
1864 2440 2136 2495 Parmensis

1291 2542 1357 2552 —-
1379 2521 1480 2566 247
1495 2533 1570 2578 sq.
1590 2543 1659 2554 —-
1673 2527 1721 2566 et
1733 2515 1788 2566 P.
1801 2515 2051 2565 Turullius
2072 2545 2131 2554 -·

1291 2591 1413 2637 259.
1442 2613 1510 2623 ——
1540 2607 1681 2649 quem
1708 2588 1962 2651 perfidiose
1990 2589 2136 2638 tradi-

1291 2658 1359 2705 dit
1388 2657 1652 2708 Octaviano
1692 2690 1756 2699 —
1787 2665 1887 2710 259
1901 2677 1974 2722 sq.
2005 2688 2075 2720 -ss
2109 2677 2135 2707 a

1290 2729 1357 2780 L.
1385 2727 1540 2779 Vario
1578 2734 1626 2779 in
1653 2733 1858 2780 carmine
1889 2732 1947 2780 de
1973 2730 2134 2779 Morte

1266 2811 1340 2849 ·et
1378 2819 1404 2849 a
1431 2799 1646 2866 Virgilio
1683 2806 1732 2851 in
1771 2802 1991 2851 Aeneide
2026 2821 2134 2863 per-

1291 2875 1540 2936 stringitur
1570 2902 1637 2909 —
1673 2879 1771 2924 105
1786 2892 1890 2935 sqq.
1921 2901 1991 2910 —
2019 2875 2137 2922 favit

1291 2946 1336 2992 ei
1363 2954 1410 2992 et
1437 2947 1485 2992 in
1514 2947 1795 2994 carminibus
1811 2945 2135 3007 pepercitHo·

1292 3019 1440 3064 ratius
1466 3044 1535 3052 —-
1565 3023 1684 3069 267.
1711 3023 1815 3067 370
1833 3035 1935 3078 sqq.
1966 3044 2037 3052 —
2061 3018 2136 3064 le-

1291 3089 1456 3149 gitimo
1482 3091 1699 3152 conjug-io
1724 3090 2000 3149 conjunctus
2019 3090 2137 3136 vixit

1292 3175 1398 3207 cum
1411 3170 1610 3220 quatuor
1626 3161 1854 3209 uxoribus
1868 3186 1928 3196 --
1945 3165 2046 3210 337
2058 3176 2131 3220 sq.

1291 3255 1360 3263 -—
1389 3231 1509 3291 quae
1538 3233 1718 3280 fuerint
1744 3234 1849 3292 ejus
1873 3248 2135 3279 uxores—-

1293 3305 1394 3351 338
1411 3321 1515 3364 sqq.
1544 3333 1613 3341 -—
1629 3305 1780 3364 prima
1797 3303 1887 3351 fuit
1905 3301 2049 3350 Fadia
2065 3330 2136 3339 -

1293 3378 1414 3422 338.
1447 3398 1517 3409 —
1554 3373 1827 3422 habueritne
1863 3374 2038 3421 liberos
2073 3391 2135 3420 ex

1292 3441 1443 3492 Fadia
1475 3472 1540 3480 —
1572 3452 1691 3496 338.
1723 3449 1845 3494 341.
1874 3470 1943 3480 -
1983 3445 2133 3491 altera

1290 3515 1379 3562 fuit
1401 3515 1609 3564 Antonia
1633 3526 1743 3565 natu
1770 3518 1927 3563 minor
1942 3539 2009 3550 —-
2030 3520 2131 3564 338

1292 3603 1366 3648 sq.
1403 3616 1450 3624 --
1492 3605 1604 3636 num
1631 3606 1693 3638 ex
1718 3587 1928 3636 Antonia
1956 3587 2134 3634 liberos
