2236 3932
262 163 388 224 292
816 183 896 223 m:
944 181 1166 222 CAssxo
1215 180 1578 222 PARMENSI.

267 318 586 399 quoddam
628 327 766 379 esse
808 321 1014 398 negat.
1086 315 1232 396 'Ipsi
1271 315 1656 397 probabilius
1686 316 1971 394 videtur,
2017 337 2156 380 esse

269 417 346 477 L.
380 416 658 478 Cassium
673 438 701 495 ,’
739 415 934 476 Cassii
962 414 1223 474 ProcOS.
1267 435 1354 476 ex
1378 414 1564 475 fratre
1591 422 1923 497 nepotem,
1964 436 2158 497 quem

267 516 583 598 Appianus
640 517 719 575 de
761 515 834 574 Β.
873 512 942 573 C.
985 512 1162 573 Libr.
1193 513 1303 574 IV.
1349 534 1403 575 c.
1436 511 1580 575 135.
1623 516 1827 575 tradat
1867 514 1935 574 in
1974 535 2159 596 proe-

265 616 351 675 lio
392 613 776 694 Philippensi
820 615 961 672 data
987 632 1182 692 opera
1206 633 1408 693 usque
1445 615 1522 674 ad
1565 635 1785 675 necem
1821 634 2156 696 pugnasse.

265 715 400 791 Qua
442 713 509 772 in
550 731 622 771 re
668 711 1002 772 Schiitzius
1047 732 1191 771 cum
1221 709 1788 794 Schweighiiusero
1831 714 1897 773 in
1924 713 2157 773 Adnot.

265 814 345 873 ad
386 811 656 892 Appian.
701 809 844 870 Vol.
874 808 989 868 III.
1045 831 1105 892 p.
1132 807 1287 871 855.
1346 812 1558 871 levem
1613 813 1926 874 commisit
1980 833 2160 874 erro-

262 931 434 971 rem:
481 909 590 991 qui
622 894 802 968 enim
844 909 922 968 ab
940 908 1230 990 Appiano
1270 915 1662 970 memoratur
1701 914 1947 980 Λεύκιος
2000 914 2157 969 Κάσ-

265 1032 411 1077 σιος,
463 1005 492 1066 ὁ
531 1006 836 1083 ἀδελφιδᾶς
891 1006 1030 1065 αὖτέ
1071 1007 1326 1075 Κασσίθ,
1393 1029 1523 1069 non
1588 1007 1708 1068 fuit
1760 1009 2159 1070 Proconsulis

263 1129 350 1169 ex
403 1107 597 1168 fratre
654 1128 886 1188 nePOS,
961 1107 1071 1167 sed
1131 1107 1327 1184 filius,
1406 1116 1630 1188 estque
1684 1107 1891 1184 idem,
1963 1129 2158 1188 quem

263 1207 552 1288 quamvis
608 1203 906 1290 juvenem
962 1213 1225 1288 patruus
1241 1252 1262 1285 ,
1341 1207 1625 1267 abiturus
1684 1227 1828 1267 cum
1871 1207 2158 1267 exercitu

260 1308 330 1366 in
371 1306 802 1367 Macedoniam
817 1292 843 1383 ‚‘
895 1306 964 1366 in
1008 1305 1195 1384 Syria
1238 1327 1383 1367 cum
1425 1327 1549 1366 una
1588 1307 1838 1389 legione
1879 1305 2155 1385 reliquit,

262 1411 426 1466 teste
469 1406 755 1487 Appiano
801 1407 881 1466 de
925 1407 996 1465 B.
1039 1405 1108 1466 C.
1165 1404 1343 1465 Libr.
1386 1405 1498 1466 IV.
1561 1427 1614 1467 c.
1659 1407 1763 1466 63.
1893 1405 1990 1464 De
2043 1426 2158 1465 ne-

261 1511 412 1587 pote
457 1507 732 1586 quodam
788 1505 867 1565 L.
927 1503 1157 1581 Cassii,
1231 1502 1406 1587 cujus
1462 1505 1696 1565 mentio
1742 1513 1791 1578 §.
1842 1506 1941 1564 13.
1970 1503 2160 1565 «facta

262 1611 395 1683 est,
450 1605 606 1664 nihil
663 1595 1011 1685 quidquam
1071 1604 1238 1685 apud
1288 1603 1620 1684 scriptores
1665 1604 1960 1689 traditum
2002 1604 2160 1686 legi—

261 1726 439 1781 muS‚
502 1723 747 1784 neque,
807 1704 861 1763 si
904 1705 1044 1785 quis
1089 1703 1433 1764 exstitisset
1472 1704 1637 1763 illius
1668 1724 1864 1782 nepos
1880 1746 1902 1776 ,
1950 1703 2008 1763 ei
2042 1723 2159 1784 per

263 1809 534 1864 aetatem
590 1803 871 1863 licuisset
925 1803 1133 1884 patrui
1184 1802 1397 1884 magni
1453 1808 1653 1861 castra
1697 1801 1899 1882 sequi.
1985 1802 2161 1862 Hanc

264 1902 547 1964 Schiitzii
604 1902 976 1962 sententiam
1032 1902 1398 1982 nuperrime
1441 1901 1834 1984 impugnavit
1878 1900 1956 1962 G.
1992 1901 2161 1960 Dru·-

260 2022 529 2063 mannus
586 2002 653 2062 in
707 2001 983 2062 Historia
1039 2002 1221 2061 Rom.
1267 2001 1454 2060 Tom.
1482 2000 1566 2060 ΙΙ.
1610 2022 1674 2080 p.
1717 2001 1858 2060 162.
1903 2000 1999 2060 his
2040 2021 2160 2082 po-

260 2102 574 2163 tissimum
614 2121 765 2160 usus
810 2101 1212 2183 argumentis·
1297 2099 1580 2159 Primum
1622 2098 1698 2157 L.
1745 2098 1989 2159 Cassius
2031 2100 2156 2175 ille,

259 2208 398 2261 tum
458 2201 796 2261 admodum
854 2201 1256 2276 adolescens,
1330 2198 1400 2258 in
1450 2199 1559 2258 illa
1603 2197 1861 2278 epistola
1904 2218 1980 2258 eo
2026 2217 2160 2258 ser-

261 2301 468 2361 monis
512 2320 742 2382 genere
786 2320 934 2359 usus
978 2305 1108 2374 est,
1162 2298 1335 2379 quod
1378 2298 1638 2357 minime
1683 2299 1936 2357 deceret
1977 2293 2162 2378 juve-

262 2421 411 2461 nem
454 2401 830 2460 scribentem
874 2400 953 2458 ad
998 2399 1406 2459 Consularem
1449 2416 1720 2476 eumque
1763 2415 1980 2456 senem
2021 2415 2161 2455 me-

263 2501 401 2560 ritis
447 2500 516 2559 -in
558 2499 1016 2579 rempublicam
1060 2505 1125 2558 et
1167 2498 1361 2580 gloria
1415 2496 1842 2576 conspicuum.
1940 2494 2158 2555 Aliena

265 2605 409 2660 sunt
452 2619 489 2658 a
530 2595 787 2679 juvenili
829 2598 1138 2658 modestia
1181 2617 1252 2658 ac
1295 2598 1536 2677 pudore
1578 2595 1726 2654 ista:
1784 2602 1832 2667 §.
1864 2596 1925 2653 2.
1970 2594 2160 2667 „Fa-

264 2700 396 2759 tale
449 2697 662 2757 nescio
721 2695 879 2778 quid
933 2707 1090 2757 tuae
1143 2695 1378 2756 virtuti
1414 2698 1676 2755 datum.-
1734 2692 1924 2774 idque
1966 2712 2161 2772 saepe

257 2800 400 2875 jam
445 2794 704 2878 experti
743 2801 1056 2869 sumus3“
1098 2803 1146 2869 §.
1176 2798 1235 2855 3.
1279 2805 1427 2869 „et,
1473 2815 1637 2876 quae
1678 2813 1871 2873 saepe
1902 2789 2159 2872 pollici-

263 2908 372 2958 tus
403 2911 469 2956 es
485 2940 503 2971 ‚
551 2905 612 2954 te
654 2903 714 2953 et
755 2893 1110 2954 taciem-um
1123 2939 1146 2969 ‚
1192 2895 1349 2954 dum
1391 2892 1771 2953 serviremus
1787 2934 1808 2965 ,
1855 2901 1915 2950 et
1958 2889 2160 2948 dictu-

267 3017 416 3056 rum
459 2995 538 3054 de
579 3013 682 3052 me
724 3002 895 3068 tum,
956 3015 1100 3052 cum
1143 2993 1312 3053 mihi
1336 2994 1717 3075 profutura*
1748 2993 2040 3062 essent3“
2096 2993 2160 3048 et

265 3105 316 3171 §.
347 3097 408 3156 4.
455 3102 575 3171 „ut
619 3093 779 3151 haec
821 3090 1177 3151 novissima
1211 3103 1441 3152 nostra
1466 3092 1710 3171 facta,
1756 3110 1890 3148 non
1917 3087 2158 3160 subita,

264 3209 382 3255 nec
436 3188 994 3264 inconvenientia,
1066 3193 1179 3251 sed
1244 3190 1489 3252 similia
1538 3189 1684 3249 ’ἱίἷιῗε
1755 3185 2160 3266 cogitationi-

266 3293 381 3353 bus
399 3338 418 3370 ,
465 3311 745 3374 Quarum
784 3298 859 3347 tu
900 3289 1081 3350 testis
1126 3314 1225 3365 es,
1252 3290 1480 3371 fuisse
1511 3288 1829 3367 judices.“
1912 3286 2158 3347 Deinde

265 3415 397 3453 non
440 3397 536 3451 est
580 3387 875 3450 credibile
917 3387 1094 3449 illum
1124 3388 1424 3472 juvenem
1453 3411 1530 3451 eo
1558 3386 1983 3469 impudentiae
2008 3403 2160 3464 pro-

269 3509 554 3573 gressum
594 3508 766 3564 esse,
809 3491 884 3545 ut
926 3489 1005 3546 ad
1042 3489 1410 3550 Ciceronem
1453 3490 1532 3550 de
1561 3495 1783 3570 patruo
1813 3506 1960 3559 suo,
2003 3482 2159 3541 Pro-

267 3591 556 3666 consule,
616 3588 917 3649 scriberet
959 3595 1008 3660 ς.
1046 3587 1146 3648 ll.
1189 3587 1508 3663 „Cassius
1549 3590 1818 3647 nos-test
1860 3589 1977 3644 etc.
2047 3580 2160 3641 His
