2236 3932
178 138 303 199 14⁰
768 156 852 196 nr:
898 156 963 195 ι..
989 153 1200 206 mmo
1242 153 1482 194 POETA.

170 293 366 354 dubio
398 311 633 373 operae
661 291 1059 370 aberrarunt,
1109 307 1385 368 eumque
1417 307 1700 349 errorem
1727 287 1805 350 G.
1827 287 1888 349 J.
1909 288 2073 350 Vos-

169 391 301 452 sius
331 391 508 453 velut
535 390 706 449 aliud
728 408 916 471 agens
936 386 1325 468 propagavit,
1366 387 1465 447 uti
1486 384 1616 470 jam
1634 385 2074 448 Broukhusius

171 490 256 548 ad
292 487 604 569 Propertii
642 486 815 545 Libr.
848 485 900 543 I.
928 485 986 543 4.
1033 505 1094 544 v.
1127 484 1186 543 l.
1227 506 1293 565 p.
1324 485 1424 546 15.
1468 486 1815 546 admonuit.
1900 485 2076 565 Qua-

171 593 435 668 propter
490 580 786 665 equidem
841 581 1184 641 subdubito
1197 625 1217 658 ,
1282 590 1548 664 propter
1589 584 1779 643 unius
1818 581 2077 666 Apuleji

168 683 614 746 testimonium
665 682 733 740 in
777 678 991 741 Ovidii>
1043 681 1188 741 loco
1228 682 1472 742 Battus
1511 704 1629 763 pro
1672 684 1927 742 Bassus
1970 703 2076 743 re-

174 784 455 845 scribere
471 825 492 858 ,
536 786 607 839 ut
642 777 934 839 Osannus
979 779 1190 840 suasit.
1276 770 1572 857 Accedit,
1617 782 1789 861 quod
1814 801 2077 861 prorsus

169 884 486 943 incertum
529 884 655 956 est,
711 898 869 938 mun
926 879 1096 959 apud
1136 878 1452 939 Romanos
1502 886 1694 960 poeta
1732 879 1924 939 Batti
1961 899 2079 939 no-

172 983 346 1043 mine
375 998 685 1060 umquam
711 977 968 1040 vixerit.
1052 975 1145 1037 Ne
1174 977 1330 1058 quid
1358 983 1572 1039 tamen
1599 979 1867 1040 reticere
1897 998 2080 1039 coar-

173 1100 334 1163 guar
347 1122 368 1156 ,
453 1079 628 1158 quod
708 1073 957 1158 Apuleji
1030 1076 1394 1137 testimonio
1475 1077 1693 1140 favere
1771 1078 2078 1153 videatur,

172 1176 436 1241 afferam
467 1175 891 1238 Scholiastem
935 1176 1014 1236 ad
1049 1174 1264 1238 Ovidii
1291 1175 1438 1237 Ibin
1478 1198 1542 1240 v.
1575 1178 1722 1238 261.
1768 1178 1847 1238 de
1874 1177 2081 1237 Phoe-

170 1279 348 1353 nice,
424 1276 786 1356 Amyntoris
844 1275 972 1336 filio
989 1319 1010 1352 ,
1070 1282 1500 1357 exponentem
1559 1282 1626 1336 et
1666 1276 1825 1338 haec
1881 1273 2080 1358 subji-

173 1377 483 1440 cientem:
527 1377 744 1455 „unde
785 1377 1038 1436 Battus:

261 1475 542 1540 Femina
581 1486 750 1536 nata
790 1476 1044 1535 malum
1056 1517 1080 1549 ,
1113 1473 1373 1557 peccati
1388 1475 1661 1555 femina
1704 1474 1910 1554 origO,

259 1574 539 1647 Femina
581 1585 724 1636 tota
764 1576 1048 1650 malum,
1091 1597 1199 1635 res
1243 1586 1436 1657 atque
1466 1574 1840 1636 miserrima
1880 1573 2080 1648 vitae,

261 1675 635 1739 Noluerant
657 1674 928 1754 fratres
968 1675 1140 1734 male
1181 1673 1535 1734 consentire
1574 1668 1913 1748 novercae,

261 1775 334 1838 N
331 1775 749 1854 oluerantque
791 1783 1009 1833 torum
1048 1772 1203 1833 nati
1239 1772 1561 1834 incestare
1593 1774 1918 1856 parentis.

260 1875 398 1935 Illa
439 1872 709 1955 repulsa
753 1873 976 1932 dolens
1017 1893 1326 1933 converso
1367 1874 1633 1934 crimine
1672 1873 1745 1934 in
1786 1873 1955 1950 illoc,

263 1970 624 2036 Accusavit
667 1991 773 2030 eos
804 1970 999 2052 pat-ri
1010 1996 1029 2032 .·
1066 1982 1267 2053 pater
1310 1972 1553 2033 accitus
1593 1972 1730 2048 ira,
1769 2034 1773 2038 ,

263 2074 336 2138 N
332 2095 400 2135 ec
460 2081 710 2134 rectum
763 2069 1114 2153 inspiciens
1176 2072 1408 2153 (neque
1462 2071 1649 2133 em’m.¹
1692 2082 1939 2133 rectum
1979 2072 2084 2133 ‘in-

1217 2171 1410 2254 spicit
1450 2171 1589 2251 ira)

265 2275 423 2356 Ipse
456 2281 686 2355 pater,
731 2272 847 2331 sed
877 2272 1026 2350 jam
1066 2292 1139 2331 re
1181 2293 1317 2331 non
1350 2256 1587 2354 pater,
1634 2271 1801 2332 eruit
1841 2272 1972 2334 illis

275 2374 465 2454 Quod
507 2373 778 2432 dederat
821 2372 1045 2441 lumen
1069 2392 1476 2454 poenamque
1515 2382 1769 2432 secutus
1812 2374 2086 2433 eandem

1218 2476 1384 2531 est.“

182 2571 366 2634 Idem
409 2571 794 2632 Scholiastes
839 2571 919 2631 ad
961 2569 1104 2631 Ibin
1146 2571 1222 2634 v.'
1250 2572 1397 2630 301.
1456 2570 1536 2632 de
1584 2571 1874 2646 Achaeo,
1930 2571 2086 2652 „qui

185 2678 406 2755 captus
450 2673 529 2732 ab
566 2671 878 2732 Antiocho
912 2669 1083 2754 Rege
1126 2677 1192 2732 et
1229 2667 1413 2753 juxta
1435 2671 1760 2732 Pactolum
1801 2671 2085 2747 fluvium,

186 2769 369 2856 cujus
413 2790 647 2832 arenae
690 2791 918 2832 aureae
962 2776 1143 2847 suut,
1188 2791 1561 2852 suspensuS‚
1620 2774 1790 2833 unde
1832 2770 2120 2830 Battus?

271 2870 640 2935 Antiochus
682 2880 946 2951 captum
989 2868 1231 2930 victum
1272 2870 1610 2952 suspendit
1650 2870 1993 2932 Achaeum

370 2970 686 3052 Undaque
727 2967 984 3028 Pactoli
1020 2978 1113 3028 est
1155 2992 1364 3029 aurea
1407 2970 1586 3030 testis
1630 2971 1919 3030 adhue.“

187 3071 514 3134 Habemus
572 3068 768 3151 igitur
820 3074 1075 3148 poetam
1116 3068 1306 3129 Batti
1340 3071 1597 3131 nomine
1641 3088 1916 3149 eumque
1960 3069 2089 3129 Ro-

187 3190 471 3232 manum.
559 3168 742 3244 Quod
782 3167 891 3226 illa
932 3167 1284 3251 fragmenta
1328 3170 1490 3251 epici
1533 3177 1682 3229 sunt
1724 3175 1913 3249 atque
1958 3170 2089 3229 ele-

188 3270 351 3354 giaci
391 3267 670 3353 generiS,
715 3267 781 3349 id
823 3287 941 3347 per
984 3288 1051 3327 se
1095 3274 1449 3348 spectatum
1489 3269 1647 3327 nihil
1670 3269 1936 3349 impedit
1961 3288 2087 3348 quo

188 3369 403 3431 minus
462 3388 612 3429 eum
671 3366 944 3430 amicum
1006 3365 1219 3429 Ovidii
1272 3366 1501 3450 iambis
1576 3369 1820 3428 clarum
1893 3366 2088 3426 fuisse

194 3467 559 3530 credamus:
605 3467 718 3547 qui
760 3465 931 3526 enim
973 3465 1052 3526 ab
1090 3464 1319 3528 Oviclio
1363 3469 1445 3545 ob
1489 3465 1735 3549 jambos
1775 3466 2086 3538 laudatum,

193 3571 442 3650 poterat
499 3566 690 3628 etiam
740 3565 809 3626 in
867 3564 1002 3626 aliis
1058 3566 1408 3626 carminum
1456 3567 1786 3650 generibus
1827 3562 2083 3625 versari.

2233 858 2236 873 -
2231 726 2236 838 ——-..
2228 407 2236 703 -ᾳῃ-ᾷ-ὰ..
