2236 3932
133 128 184 167 X
488 157 491 158 γ
707 126 1451 166 PRAEFATIO·

131 275 421 352 φροντίδες
459 278 805 358 σοφώτεραι,
854 283 917 336 et
959 297 1039 336 ne
1078 274 1235 336 nihil
1265 276 1419 337 novi
1445 276 1514 336 in
1544 276 1668 339 hoo
1698 260 2022 340 volumine

131 403 523 466 inveniretur
539 446 560 479 ‚
621 424 751 464 non
810 405 999 465 modo
1054 403 1288 484 passim
1344 421 1457 477 ea,
1528 425 1690 486 quae
1749 405 1901 466 olim
1956 407 2025 467 in

128 529 305 591 Notis
361 531 643 594 breviter
697 531 1025 613 attigeram
1041 574 1062 606 ‚
1122 526 1362 612 conjeci
1413 531 1480 591 in
1530 531 1855 594 Excursus
1915 534 2026 616 qui

130 658 420 720 dicuntur
465 659 775 741 copiosius
820 658 1108 738 exposita
1150 662 1214 718 et
1252 659 1598 722 accuratius
1627 655 2024 743 pertractata,

130 787 242 846 sed
286 787 474 848 etiam
516 786 814 848 nonnulla
856 758 1054 868 adjeci
1095 785 1380 846 nondum
1423 786 1573 849 alias
1603 789 1842 871 publici
1871 786 2025 871 juris

125 912 293 975 facta
306 957 326 991 ,
388 921 460 974 ut
512 932 728 974 rerum
771 913 1080 993 quaedam
1122 913 1367 975 novitas
1407 913 1501 974 illi
1541 915 2026 978 lenocinaretur.

298 1105 636 1187 Reliquum
678 1111 803 1183 est,
856 1111 926 1166 ut
966 1105 1206 1167 meritis
1247 1106 1532 1168 laudibus
1575 1128 1796 1170 ornem
1839 1106 2025 1193 hujus

128 1233 341 1317 operis
412 1234 878 1316 redemptorem
892 1277 913 1310 ,
1000 1234 1131 1294 Jul.
1203 1232 1595 1295 Mam-itiam
1671 1236 2022 1313 Gebhardt,

127 1361 335 1424 virum
376 1359 895 1423 honestissimum
909 1375 945 1438 ,·
986 1362 1098 1443 qui
1154 1362 1344 1422 nullis
1388 1364 1739 1445 pepercerit
1779 1364 2027 1447 impen-

127 1490 247 1568 εἰς,
290 1490 450 1552 illud
479 1497 547 1551 ut
579 1489 882 1573 elegantia
916 1491 1189 1571 quadam
1226 1511 1300 1552 ac
1340 1492 1546 1554 nitore
1589 1513 1658 1554 se
1702 1513 2026 1554 commen-

126 1619 302 1680 daret
344 1619 754 1701 emptoribus.
839 1617 1132 1700 Inprimis
1181 1625 1391 1680 autem
1432 1619 1736 1682 Lectores
1778 1642 1846 1683 se
1888 1643 2027 1683 me·-

128 1751 277 1808 Cum
333 1766 714 1830 magnopere
771 1746 1107 1808 obstrictos
1166 1767 1303 1809 esse
1363 1748 1638 1810 sentient
1692 1749 1848 1810 Viro
1908 1749 2024 1828 cl„

126 1875 214 1937 M.
247 1874 607 1950 Lorenzz'O,
653 1873 942 1956 Collegae
972 1895 1119 1936 meo
1151 1873 1694 1959 conjunctissimo,
1740 1877 1850 1960 qui
1894 1900 2026 1941 non

125 2004 333 2066 solum
387 2002 687 2086 singulari
751 2022 898 2063 cum
967 2023 1118 2064 cura
1185 2003 1532 2087 typothetis
1599 2006 1679 2067 ad
1734 2006 2026 2069 vitandos

122 2096 372 2194 errores
431 2131 890 2214 invigilaverit,
967 2133 1080 2193 sed
1139 2133 1329 2193 etiam
1386 2153 1534 2195 meo
1606 2139 1832 2217 rogatu
1904 2135 2025 2196 sibi

122 2260 368 2342 imponi
421 2278 638 2340 passus
693 2259 774 2320 sit
827 2260 1164 2343 molestum
1218 2261 1695 2343 taediosumque
1737 2263 2026 2324 Indicum

128 2386 661 2450 conficiendorum
701 2386 990 2449 lahorem
1004 2433 1024 2465 ,
1085 2409 1360 2469 eumque
1417 2390 1618 2471 perite
1672 2397 1739 2453 et
1784 2392 2026 2454 naviter

126 2515 572 2600 profligaverit.

296 2708 669 2771 Scribebam
727 2708 796 2767 in
853 2708 1088 2769 Illustri
1163 2711 1332 2792 apud
1391 2711 1676 2775 Grimam
1731 2712 2027 2774 Moldano

122 2838 272 2921 ipsis
317 2837 559 2899 Idubus
602 2837 1063 2899 Decembribus
1108 2858 1166 2898 a.
1214 2837 1401 2901 1835.

910 3131 1248 3141 m
