2236 3932
784 150 1129 233 excussus
1172 185 1247 225 11.
1635 148 1659 165 ³
1844 161 1971 223 319

81 337 291 393 uatem
335 327 610 394 Nonium
649 325 830 387 illum
842 366 864 401 ,
921 322 1198 407 Augusto
1249 318 1723 395 amicissimum,
1780 339 1973 381 nemo

78 431 200 493 erit
254 429 436 510 quin
467 425 770 505 intelligat
826 411 1015 503 quam
1075 421 1375 494 multum
1405 420 1560 481 lucis
1615 419 1764 479 inde
1811 419 1976 480 acci-

78 530 209 610 piat
251 527 550 608 epistolae
592 520 779 603 hujus
823 520 1189 583 scribendae
1233 519 1563 582 consilium
1577 563 1598 596 ,
1665 524 1727 579 et
1770 541 1971 600 quan-

79 635 213 688 tam
253 627 483 688 habeat
534 629 741 684 totum
783 621 907 682 hoe
949 639 1203 682 carmen
1246 620 1396 681 artis
1438 639 1511 680 ac
1554 620 1972 700 praestantiae

71 727 519 788 ‚accessionem-
605 720 773 801 Quid
827 720 1003 781 enim
1041 719 1335 780 blandius
1377 739 1514 781 esse
1554 723 1806 800 poterat
1847 719 1974 778 Au-

75 832 256 908 gusto
296 842 488 903 quam
528 820 781 902 publica
821 819 977 880 haec
1017 818 1204 879 studii
1249 837 1321 878 ac
1359 818 1611 899 pietatis
1651 818 1722 878 in
1763 818 1971 899 ipstnn

78 916 491 1005 significatio?
547 920 701 1001 quid
755 918 987 979 Poetae
1041 918 1232 978 etiam
1279 916 1640 995 honestius,
1701 918 1812 999 qui
1851 919 1973 983 hac

83 1022 336 1083 ratione
378 1038 781 1100 nequaquam
822 1036 891 1080 se
933 1014 1238 1099 abjiceret
1302 1017 1385 1080 ad
1442 1024 1690 1097 turpem
1736 1018 1977 1083 Princi—

78 1121 177 1203 pis
233 1114 703 1182 adulationem?
774 1122 837 1178 et
894 1117 1166 1197 denique
1222 1115 1372 1196 quid
1425 1113 1652 1178 fortius
1714 1139 1974 1181 movere

80 1225 330 1301 poterat
383 1218 776 1298 Torquatum
790 1259 811 1295 ,
878 1216 1147 1299 Augusti
1212 1215 1485 1276 amicum
1498 1261 1516 1292 ,
1588 1229 1657 1279 ut
1712 1218 1973 1283 Horatio

79 1318 367 1382 invitanti
406 1319 864 1397 obsequeretur
899 1322 972 1377 et
1015 1335 1161 1378 cum
1196 1336 1275 1377 eo
1315 1315 1531 1376 hilaris
1559 1316 1825 1377 hilarem
1853 1339 1974 1379 no-

0 1500 3 1508 ,
81 1425 246 1484 ctem
289 1410 698 1499 transigeret?

249 1517 421 1577 llaec
460 1515 688 1591 habui,
732 1534 897 1595 quae
939 1515 1018 1575 de
1072 1462 1406 1597 Torquato
1447 1515 1789 1580 Horatiano
1847 1519 1981 1580 sive

78 1615 292 1677 Nonio
322 1613 697 1696 Asprenate
738 1614 1018 1678 dicerem
1059 1615 1142 1677 ad
1185 1614 1678 1677 confirmandam
1723 1616 1969 1678 Theod.

79 1714 344 1778 Marcilii
381 1712 811 1793 suspicionem
827 1754 847 1788 ‚
891 1732 1017 1793 qua
1056 1713 1214 1792 mihi
1256 1716 1516 1796 qmdem
1540 1717 1794 1778 videtur
1841 1737 1981 1779 esse

75 1814 237 1876 nihil
277 1813 526 1876 anitius
561 1812 839 1894 nihilque
879 1811 1284 1893 probabilius·
1372 1814 1613 1897 Quodsi
1654 1815 1773 1877 hac
1811 1837 1976 1898 ⁴qua-

80 1914 395 1993 licumque
437 1911 854 1992 disputatione
895 1931 1039 1972 mea
1082 1910 1382 1991 effecero,
1437 1922 1512 1977 ut
1551 1936 1634 1977 ne
1665 1916 1807 1996 quis
1845 1938 1983 1978 am-

78 2013 239 2095 plius
295 2012 723 2091 Interpretum
776 2009 1021 2073 Horatii
1090 2019 1432 2094 utrumque
1478 2015 1660 2076 illud
1722 2037 1976 2079 carmen

60 2112 154 2173 L.
198 2110 427 2173 Manlio
472 2109 830 2189 Torquato,
883 2108 1172 2173 Consulis
1216 2113 1347 2175 sive
1389 2113 1519 2198 filio
1562 2115 1695 2177 sive
1741 2118 1979 2197 nepoti,

77 2210 446 2291 inscriptum
488 2229 626 2270 esse
670 2209 867 2286 dicat,
925 2211 1071 2272 satis
1113 2212 1379 2275 uberem
1420 2213 1652 2275 laboris
1700 2215 1829 2275 mei
1869 2236 1976 2277 me

79 2309 353 2372 fructum
393 2309 752 2390 percepisse
800 2309 1202 2373 existimabo.

866 2519 1209 2527 ———

702 2642 1227 2715 ExctJRsUs
1283 2654 1365 2714 Π.

977 2823 1082 2876 ΒΕ

227 2941 326 3014 T.
387 2942 922 3016 LABIENO
1003 2943 1573 3020 ORATORE
1658 2949 1875 3018 ET'

674 3068 1366 3173 HISTORICO.

86 3252 91 3256 ·
251 3221 331 3283 T.
374 3223 727 3300 Labienus,
785 3228 1001 3285 orator
1041 3233 1106 3286 et
1145 3225 1550 3288 historiarmn
1594 3228 1895 3309 scriptor,
1942 3251 1978 3291 a

80 3320 153 3381 N.
220 3322 427 3383 Fabi-o
503 3325 581 3384 ad
641 3323 925 3384 Senecae
983 3322 1283 3388 controv.
1354 3326 1534 3388 Libr.
1585 3328 1658 3387 V'.
1717 3349 1781 3407 p.
1833 3330 1981 3390 349.

82 3420 269 3482 Tom.
312 3420 428 3482 111.
484 3423 585 3482 ed.
646 3421 865 3484 Eizev.
923 3430 1181 3505 putatur
1234 3424 1427 3488 fuisse
1469 3446 1667 3507 nepos
1710 3425 1976 3488 Labieni

78 3520 282 3598 illius,
351 3521 461 3601 qui
522 3542 665 3582 oum
722 3522 1039 3605 egregiam
1097 3543 1359 3607 operam
1405 3525 1571 3586 Julio
1616 3525 1865 3587 Caesari
1909 3528 1975 3587 in

78 3616 281 3681 Gallia
337 3621 780 3702 praestitisset,
857 3623 1026 3685 bello
1083 3631 1296 3686 tamen
1352 3625 1524 3688 civili
1567 3627 1647 3686 ad
1690 3624 1977 3711 Pompeii
