2236 3932
796 148 1136 192 Excunsus
1182 150 1228 189 1.
1677 197 1681 202 ,
1839 129 1964 191 309

69 296 258 373 gente
299 287 530 349 Manlia
572 285 1043 367 Torquatorum
1099 284 1309 346 adhuc
1355 291 1677 366 superstes
1717 282 1958 346 fuisset.

69 390 289 464 Pueri,
346 388 455 468 qui
512 383 774 467 Troiam
827 385 1137 460 luserant,
1212 383 1500 445 solebant
1552 383 1774 465 galeis,
1847 380 1968 442 ha·

68 487 308 546 stilibus
350 486 609 564 aliisque
651 480 1080 564 hujuscemodi
1121 482 1414 563 praemiis
1451 479 1646 555 affici3
1688 479 1962 541 Nonium

68 605 255 645 crure
337 584 727 644 debilitatum
793 602 921 662 quo
977 580 1174 663 magis
1242 581 1586 641 honoraret
1651 578 1961 658 citiusque

68 683 529 757 consolaretur,
601 685 829 760 torque
891 698 1085 739 aureo
1154 679 1409 741 donavit
1465 698 1738 759 eumque
1795 677 1964 737 Tor-

68 782 241 862 quati
300 779 558 840 nomine
615 778 887 840 ornavit.
1001 777 1078 837 ld
1134 786 1347 837 autem
1405 798 1752 861 cognomen
1806 775 1964 836 nihil

67 877 418 940 ornamenti
472 877 779 938 attulisset
793 921 812 954 ,
872 877 925 937 si
975 877 1115 957 quis
1157 882 1445 938 veterum
1487 878 1962 959 Torquatorum

68 978 447 1053 exstitisset,
506 997 782 1056 quorum
835 967 1126 1058 princeps
1167 973 1438 1036 familiae
1479 976 1634 1037 illud
1676 997 1807 1037 non
1851 975 1964 1035 de-

66 1076 358 1152 bilitatis,
433 1078 544 1137 sed
600 1075 988 1136 fortitudinis
1049 1094 1262 1136 caussa
1319 1082 1663 1156 acceperat.
1773 1075 1867 1136 Ac
1909 1073 1964 1134 si

66 1178 206 1257 quis
248 1176 414 1236 dicat
430 1220 450 1252 ,
493 1175 851 1258 Augustmn
891 1174 1015 1235 hoc
1058 1173 1430 1257 cognomine
1472 1195 1674 1255 puero
1716 1175 1809 1235 illi
1850 1174 1964 1235 tri-

64 1278 218 1337 buto
259 1276 528 1336 illudere
574 1275 847 1337 voluisse
891 1294 1037 1335 cum
1081 1279 1450 1354 contemptu
1498 1274 1568 1334 in
1610 1275 1967 1355 Torquatos

66 1375 271 1437 adhuc
312 1375 591 1437 viventes
607 1418 628 1451 ‚
685 1380 906 1456 utpote
965 1393 1114 1435 suos
1185 1374 1503 1454 quondam
1557 1373 1967 1450 adversarios,

67 1483 205 1535 tum
247 1475 415 1535 ultro
459 1482 752 1555 apparet,
809 1474 1020 1554 ipsum
1061 1471 1333 1532 Nonium
1377 1471 1562 1532 simul
1605 1478 1670 1532 et
1713 1473 1969 1553 quidem

67 1575 203 1634 sine
276 1573 451 1635 omni
505 1572 797 1633 acumine
863 1570 1138 1632 ludibrio
1209 1570 1498 1632 habitum
1569 1571 1782 1633 fuisse.
1893 1571 1970 1631 Id

63 1679 276 1735 autem
332 1692 523 1753 quam
587 1672 863 1732 alienum
924 1671 1004 1732 sit
1057 1691 1096 1731 a
1150 1676 1283 1735 tota
1348 1668 1539 1755 hujus
1608 1672 1703 1733 rei
1756 1677 1969 1756 gestae

67 1793 254 1834 scena
312 1792 388 1834 ac
441 1771 768 1854 personiS,
841 1771 1105 1852 quilibet
1159 1770 1371 1831 sentit.
1475 1772 1711 1849 Quodsi
1754 1777 1969 1833 autem

64 1873 398 1934 statuimus
413 1916 434 1950 ,
496 1871 968 1953 Torquatorum
1026 1891 1114 1932 ex
1155 1876 1339 1953 gente
1381 1871 1612 1933 Manlia
1652 1872 1764 1934 illo
1807 1877 1969 1932 tem-

65 1993 222 2054 pore
262 1971 585 2033 neminem
638 1971 706 2031 in
748 1971 910 2033 vivis
967 1969 1162 2032 fuisse
1177 2014 1197 2047 ,
1256 1971 1482 2033 idonea
1526 1992 1598 2033 ac
1641 1991 1788 2033 sana
1831 1964 1970 2032 sese

66 2069 248 2133 offert
301 2071 459 2132 ratio
473 2115 495 2147 ,
565 2090 691 2152 qua
760 2071 984 2132 ductus
1037 2069 1352 2154 Augustus
1408 2072 1567 2132 illud
1622 2091 1972 2155 cognomen

66 2171 269 2233 Nonio
326 2191 528 2253 puero
586 2169 963 2231 attribuerit.
1052 2169 1272 2231 Voluit
1313 2172 1469 2232 fflud
1518 2172 1864 2233 instaurare
1906 2178 1972 2231 et

58 2271 133 2331 -in
161 2271 352 2333 vitam
382 2288 684 2332 revocare
712 2277 779 2331 et
821 2269 1009 2331 simul
1040 2275 1174 2331 tam
1202 2271 1369 2333 claro
1410 2272 1671 2332 nomine
1695 2291 1969 2353 puerum

66 2370 248 2430 illum
288 2369 624 2431 honorare.
710 2369 922 2451 Atque
958 2389 1035 2430 ea
1077 2370 1323 2431 ratione
1367 2371 1556 2432 simul
1599 2371 1972 2432 existiman·-

69 2470 186 2529 ‹lus
244 2475 341 2530 est
399 2465 719 2545 effecisse,
791 2475 893 2547 ut,
962 2490 1109 2531 cum
1150 2470 1306 2530 illud
1350 2491 1699 2554 cognomen
1741 2471 1821 2531 ad
1862 2490 1974 2531 sua

70 2588 274 2649 usque
317 2574 609 2649 tempora
652 2589 781 2630 non
837 2569 960 2630 nisi
1000 2567 1250 2631 Manliis
1295 2569 1707 2647 adhaesisset,
1777 2590 1815 2630 a
1857 2591 1970 2631 suo

65 2669 213 2730 inde
254 2667 523 2749 imperio
563 2668 632 2728 id
675 2668 810 2729 aliis
853 2689 1109 2750 quoque
1146 2669 1432 2753 gentibus
1463 2669 1831 2750 impositum
1871 2670 1972 2730 in-

64 2768 404 2831 veniretur.
492 2767 614 2844 Qui
656 2789 695 2829 a
718 2767 998 2831 Martiale
1034 2767 1213 2829 Libr.
1245 2769 1329 2830 X.
1371 2768 1491 2851 Ep.
1520 2771 1624 2831 79.
1669 2769 1973 2852 perstrin-

67 2868 237 2952 gitur
315 2870 729 2950 Torquatus,
805 2868 929 2929 nisi
998 2875 1201 2931 totum
1260 2888 1496 2931 nomen
1561 2868 1781 2931 fictum
1853 2874 1971 2943 est,

69 2974 239 3029 certe
293 2987 425 3028 non
480 2966 603 3027 fuit
662 2987 749 3028 ex
803 2966 1072 3030 Manliis.
1166 2968 1226 3028 A
1278 2969 1484 3030 Plinio.
1537 2969 1611 3031 N.
1655 2970 1734 3029 H.
1790 2967 1969 3029 Libr.

71 3066 245 3127 XIV.
276 3086 332 3128 c.
357 3066 464 3128 22.
505 3074 1036 3129 commemoratur
1066 3067 1401 3130 Novellius
1438 3070 1810 3153 Torquatus
1834 3067 1975 3128 Me-

69 3166 446 3228 diolanensis
500 3167 616 3228 sub
660 3166 742 3228 T.
787 3166 1082 3246 Claudio,
1154 3188 1345 3250 quem
1401 3169 1526 3246 ait,
1601 3168 1799 3249 epotis
1840 3189 1970 3230 uno

70 3266 314 3347 impetu
367 3266 570 3327 tribus
639 3266 876 3349 congiis
892 3310 912 3344 ,
1002 3265 1339 3347 Tricongii
1390 3288 1739 3351 cognomen
1791 3267 1972 3330 inve·-

75 3365 263 3427 nisse.
312 3398 398 3410 —-
457 3363 592 3426 Sub
650 3365 968 3428 Hadriano
1026 3367 1123 3429 bis
1180 3366 1409 3430 Consul
1468 3373 1602 3428 erat
1665 3367 1731 3428 G.
1774 3367 1972 3428 Belli-

73 3463 214 3527 cc‘us
266 3466 635 3547 Torquatus
645 3508 670 3541 ‚
745 3471 816 3526 ut
872 3466 1102 3528 docent
1159 3466 1605 3550 Inscriptiones
1659 3486 1758 3550 ap.
1804 3467 1973 3530 Gru-

79 3570 199 3627 ter.
253 3562 491 3626 XVIII.
552 3563 613 3626 5.
695 3562 1178 3633 CCCXXXVII.
1237 3573 1302 3631 et
1359 3565 1675 3631 CLXXII.
1738 3567 1837 3631 10.
1890 3604 1974 3616 --
