2236 3932
253 125 378 187 252
834 151 915 189 DE
962 151 1186 191 cAss1o
1225 152 1588 193 PARMENSI.

249 282 474 341 Histor.
502 282 684 344 Rom.
718 284 903 343 Tom.
934 283 1016 343 H.
1055 286 1125 363 ‘p.
1164 284 1304 342 121.
1350 283 1423 343 N.
1453 286 1556 344 41.
1601 291 1667 344 et
1707 309 1771 367 p.
1804 287 1945 347 152.
1991 309 2144 348 con-

248 381 481 458 tendit,
567 382 843 441 Luciam
924 383 994 441 C.
1062 382 1319 471 fratrem
1386 403 1644 462 prorsus
1730 386 2142 446 eximendum

247 499 384 539 esse
443 477 909 563 conjuratorum
966 499 1268 554 flumem,
1339 482 1572 560 partim
1629 483 1799 562 quod
1853 482 2142 544 Ciceroni

245 579 493 657 plausus
537 599 574 637 a
615 578 1016 659 multitudine
1047 576 1123 636 L.
1159 577 1370 638 Cassio
1397 576 1619 657 datus‚'
1653 582 1707 640 si
1732 580 1947 642 fuisset
1976 592 2140 691 lcon-

244 676 595 755 spirationis
640 676 881 748 socius,
925 697 1058 735 non
1098 675 1340 735 facetus
1358 699 1361 701 *
1382 678 1553 737 Visus
1591 678 1843 756 fuisset,
1889 688 1956 740 ut
1987 682 2142 740 scri-

242 775 336 833 bit
391 775 468 832 ad
523 772 712 831 Attio.
770 773 946 833 Libr.
978 772 1152 832 XIV.
1199 777 1260 834 2.
1320 784 1370 847 §.
1414 777 1503 852 1.,
1563 779 1794 857 partim
1837 780 2008 858 quod
2049 778 2137 839 M.

242 871 551 931 Antonius
594 871 654 929 ei
695 872 950 932 Veniam
990 873 1230 953 petenti
1257 880 1397 932 tum
1438 866 1570 935 non
1611 877 2025 956 pepercisset,
2070 884 2140 937 ut

241 970 392 1029 fecit
423 975 680 1028 auctore
696 969 984 1050 Appiano
1016 971 1090 1028 B.
1122 969 1189 1029 C.
1217 970 1394 1031 Libr.
1427 973 1498 1032 V.
1531 993 1585 1033 c.
1604 978 1665 1033 7.
1726 974 1822 1034 De
1851 975 2139 1034 Domitio

240 1074 306 1126 et
362 1070 539 1126 Sext.
596 1070 903 1150 Pompejo
957 1069 1080 1150 ipsi
1139 1069 1507 1130 Casaubono
1565 1071 1770 1151 aliqua
1834 1074 2138 1134 dubitatio

238 1163 467 1249 injecta
525 1172 640 1227 est.
741 1169 1090 1228 Domitium
1147 1169 1320 1230 enim
1370 1190 1515 1250 pars
1561 1171 1936 1250 scriptorum
1978 1173 2139 1233 inter

240 1263 596 1349 conjuratos
655 1267 867 1346 ponit3
932 1248 1034 1327 alii
1094 1288 1241 1328 eum
1300 1266 1487 1350 hujus
1535 1268 1828 1329 facinoris
1874 1272 2136 1332 crimine

238 1366 576 1426 absolvunt
591 1364 685 1442 ³⁸).
788 1365 867 1426 Et
909 1365 1094 1427 Sext.
1138 1365 1475 1450 Pompeius
1515 1374 1804 1450 tempore
1845 1368 2136 1452 conjura-

381 1628 468 1682 38)
506 1622 583 1672 De
618 1631 818 1684 utroque
854 1622 1016 1672 Bruto
1055 1633 1102 1672 et
1142 1624 1195 1672 G.
1229 1625 1424 1686 Cassio,
1463 1627 1796 1687 conjurationis
1824 1628 2133 1690 principibus,

235 1695 490 1758 diligenter
542 1698 641 1757 egit
689 1693 965 1744 Wetzelius
1019 1698 1069 1744 in
1116 1694 1319 1743 Praesat.
1377 1698 1434 1744 ad
1476 1695 1627 1745 Cicer.
1673 1696 1822 1757 Epist.
1863 1697 1999 1746 Libr.
2034 1698 2131 1748 XI.

233 1766 297 1815 N.
329 1765 370 1814 Ι.
400 1764 468 1813 Il.
498 1763 592 1814 Ill.
641 1784 690 1827 p.
720 1771 840 1815 357.
869 1785 973 1829 sqq.
1020 1793 1087 1803 —
1136 1767 1247 1815 Duo
1295 1770 1474 1817 Cas-cas
1520 1771 1675 1830 gentis
1714 1768 1951 1818 Serviliae
1987 1773 2133 1819 inter-

234 1839 383 1886 fuisse
419 1837 576 1899 caedi‚
616 1844 814 1884 testatur
843 1836 1008 1887 Cicero
1035 1837 1239 1899 Philipp.
1265 1839 1331 1887 lt.
1372 1859 1412 1890 c.
1451 1847 1529 1887 11.
1572 1857 1748 1900 eosque
1768 1841 1936 1888 fratres
1965 1842 2130 1905 fuisse,

234 1908 462 1957 discimus
500 1926 561 1956 ex
599 1907 840 1956 Plutarchi
877 1908 974 1958 Jul.
1017 1908 1150 1957 Caes.
1193 1929 1232 1960 c.
1263 1918 1346 1959 (jG.
1378 1938 1442 1946 —-
1480 1910 1558 1959 De
1595 1911 1734 1959 Serv.
1766 1910 1928 1959 Galba
1954 1913 2131 1966 dictum

235 1989 309 2029 est
360 1982 407 2028 in
455 1979 676 2029 Lection.
738 1979 797 2027 V
789 2000 921 2029 enus.
975 1981 1162 2029 Partic.
1192 1979 1256 2028 Il.
1295 1983 1338 2044 (ξ.
1371 1990 1417 2031 2.
1470 1992 1515 2030 et
1561 1982 1620 2030 de
1659 1983 1814 2032 Tillio
1853 1983 2045 2032 Cimbro
2082 1987 2130 2032 in

230 2049 500 2100 Comment.
553 2051 613 2099 de
660 2050 878 2100 Domitio
922 2052 1106 2100 Marso
1156 2053 1310 2102 Poeta
1362 2056 1404 2116 ξ.
1439 2060 1482 2102 1.
1522 2053 1583 2102 Ν.
1623 2059 1671 2102 2.
1710 2073 1758 2115 p.
1790 2057 1910 2103 242.
1980 2055 2129 2116 Apud
2206 2078 2218 2082 ··

232 2123 506 2186 Appianum
559 2123 618 2172 de
668 2121 730 2171 Β.
782 2123 890 2173 Civ.
940 2123 1082 2173 Libr.
1124 2123 1192 2172 ll.
1255 2144 1295 2173 c.
1337 2133 1452 2175 113.
1507 2126 1651 2187 vulgo
1699 2123 1880 2174 editmfi
1926 2126 2128 2189 legitur:

221 2190 437 2243 Ἀτίλιον
460 2192 544 2243 καὶ
585 2192 818 2260 Κίμβροι·
853 2223 926 2231 —
972 2190 1258 2244 ,ΤΙῙῙινούκιον
1295 2195 1378 2243 >iaz
1415 2190 1713 2244 Βάσιλλονε.
1748 2198 1830 2244 ubi
1869 2196 2127 2261 Schweig-

232 2265 466 2314 hauserus
504 2268 775 2328 copularum
815 2270 1089 2329 trajectione
1135 2267 1312 2315 edidit:
1365 2266 1448 2315 καὶ
1501 2266 1702 2315 Τίλλιον
1760 2267 1992 2331 Ιίᾲιβοον
2044 2269 2127 2317 καὶ

233 2333 517 2387 Μνούκιον
577 2334 847 2386 Βάσιλλον.
957 2338 1091 2388 Haec
1147 2340 1411 2387 emendatio
1466 2341 1508 2387 si
1556 2357 1666 2397 vera
1704 2349 1805 2401 est,
1854 2340 2049 2388 Atilius
2083 2359 2124 2391 s.

234 2409 477 2471 Attilz‘us,
515 2413 596 2471 qui
633 2427 660 2458 a
689 2407 965 2458 Casaubono
1002 2413 1127 2460 inter
1157 2408 1377 2458 Caesaris
1414 2427 1715 2471 percussores
1750 2412 1984 2474 refertur,
2023 2413 2126 2461 loco

231 2481 490 2528 movendus
541 2483 657 2543 erit,
719 2483 852 2542 utqui
902 2482 1094 2530 aliunde
1133 2500 1226 2530 non
1265 2485 1478 2544 cognitus
1513 2484 1591 2530 sit.
1665 2479 1934 2531 Verissime
1971 2493 2126 2531 autem

234 2549 726 2614 Scliweighiiuserus,
790 2554 944 2600 deleta
982 2555 1248 2615 importuna
1295 2555 1497 2615 copula,
1552 2556 1794 2615 conjunxit
1830 2572 1878 2602 n.
1915 2550 2125 2603 Maami-

231 2641 339 2672 κιον
389 2618 644 2672 Βάσιλλον
693 2633 741 2673 et
788 2626 1029 2674 intellexit
1076 2623 1145 2674 L.
1188 2625 1471 2674 Minucium
1502 2624 1758 2686 Basilum,
1814 2635 2125 2675 memoratum

232 2695 290 2743 ab
335 2693 436 2743 Jul.
477 2692 681 2744 Caesare
720 2696 779 2743 de
817 2695 880 2745 Β.
920 2695 981 2744 G.
1019 2695 1159 2745 Libr.
1186 2696 1280 2745 VI.
1322 2715 1362 2745 c.
1402 2703 1514 2758 29.‚
1575 2698 1654 2744 ubi
1691 2706 1800 2745 ante
1839 2695 2124 2751 Oudendor-

231 2768 362 2827 pium
397 2766 622 2814 edebatur
664 2766 940 2817 Basiliam.-
986 2786 1126 2830 quam
1173 2764 1471 2830 depravatam
1511 2771 1789 2828 scripturam
1825 2780 2015 2817 secutus
2052 2780 2125 2817 est

232 2837 559 2887 Casaubonns.
633 2838 805 2902 Quid?
844 2840 972 2901 quod
1008 2841 1066 2888 ab
1098 2838 1320 2888 Ernestio
1354 2842 1402 2887 in
1438 2838 1546 2888 Iud.
1577 2840 1706 2889 Hist.
1746 2840 1937 2901 quidam
1971 2840 2122 2889 Basi-

228 2908 328 2961 lius
365 2907 678 2968 Caesarianus
713 2922 1018 2974 recensetur,
1074 2914 1153 2973 qui
1186 2922 1347 2973 postea
1384 2914 1432 2958 in
1471 2909 1726 2959 Caesarem
1762 2914 2120 2971 conspiraverit.

228 2980 318 3029 Ad
353 2981 491 3028 illum
529 2981 659 3028 dedit
696 2979 862 3030 Cicero
898 2983 1167 3043 epistolium
1202 2983 1326 3032 illud
1357 2981 1493 3030 Libr.
1520 2980 1615 3031 VI.
1649 2985 1767 3031 15.:
1810 2982 1980 3043 „Tibi
2002 3003 2123 3046 gra-

227 3052 391 3114 tulor5
451 3050 569 3099 milti
614 3051 840 3114 gaudeo:
901 3067 947 3102 te
995 3071 1134 3103 amo:
1196 3067 1283 3103 tua
1329 3066 1497 3116 tece0r3
1557 3073 1589 3102 a
1636 3067 1684 3101 te
1728 3058 1890 3103 amm-i
1924 3067 1968 3103 et
2004 3055 2126 3121 quid

225 3142 351 3185 agas
386 3122 595 3191 quidque
630 3136 837 3186 agatur,
875 3129 1050 3174 certior
1072 3128 1203 3190 ⁸fi'em'
1235 3126 1397 3175 volo.“
1470 3125 1690 3174 Orellius
1720 3135 1876 3174 autem
1901 3128 1970 3176 ibi
1997 3136 2123 3176 recte

228 3195 409 3244 edidit:
479 3197 648 3246 Cicero
695 3194 872 3244 Basilo
920 3215 1006 3257 pro
1056 3197 1281 3257 Basilio,
1346 3216 1434 3246 nec
1468 3206 1624 3260 potest
1659 3197 1865 3245 dubitari
1903 3200 2017 3260 quin
2052 3199 2120 3247 ibi

228 3267 570 3329 intelligendus
619 3269 679 3315 sit
723 3268 807 3315 ille
852 3267 919 3315 L.
960 3269 1219 3318 Minucius
1255 3269 1490 3330 Basilus,
1541 3270 1601 3317 de
1639 3286 1733 3331 quo
1771 3279 1989 3318 accurate
2024 3271 2120 3332 egit

221 3335 434 3394 Beierus
483 3338 544 3387 ad
589 3336 741 3387 Cicer.
780 3338 840 3386 de
878 3337 1023 3388 offic.
1061 3340 1199 3388 Libr.
1228 3339 1320 3390 111.
1360 3358 1402 3389 c.
1436 3347 1523 3390 18.
1560 3340 1606 3404 §.
1633 3344 1719 3391 74.
1808 3338 2119 3389 Scribendum

227 3426 335 3457 esse
369 3409 461 3457 hoc
495 3427 667 3459 nomen
704 3409 937 3472 Basilus,
974 3429 1068 3459 non
1103 3411 1356 3471 Basillus,
1394 3421 1446 3460 ut
1474 3411 1935 3475 Schweigha'userus
1971 3410 2116 3470 dedit,

226 3480 487 3529 docuerunt
532 3484 629 3542 jam
667 3480 1022 3530 Freinshemius
1059 3492 1108 3531 et
1143 3484 1375 3532 Dukerus
1412 3483 1471 3531 ad
1506 3483 1642 3533 Flori
1674 3482 1814 3531 Libr.
1844 3480 1941 3532 IV.
1989 3498 2029 3528 c.
2064 3486 2113 3530 2.

227 3552 272 3613 ξ.
306 3557 392 3602 32.
430 3568 492 3603 ex
528 3551 714 3603 Lucani
748 3551 917 3602 Phara.
955 3551 1095 3604 Libr.
1120 3552 1216 3605 IV.
1252 3572 1300 3606 v.
1331 3559 1480 3604 416.:
1529 3555 1637 3620 „Ee
1686 3553 1914 3604 Basilum
1949 3550 2115 3601 videre
