2236 3932
672 192 756 234 nr.
800 191 1027 234 cassio
1072 190 1440 233 unumst.
1889 170 2020 234 237

284 328 446 391 Cum
485 329 674 414 igitur
715 328 1008 391 Tibullus
1049 327 1386 409 postremis
1425 325 1597 388 vitae
1640 345 1792 387 suae
1836 328 2019 389 annis

111 430 191 491 ad
232 436 506 490 mortem
562 434 803 508 usque,
875 447 1036 507 quae
1094 427 1396 488 accidisse
1446 431 1705 506 putatur
1746 445 1803 484 a.
1840 427 1914 486 U.
1948 426 2019 488 C.

111 531 293 604 736„
351 528 691 608 deperierit
729 526 1062 600 Nemesim
1121 545 1512 606 consequens
1556 532 1649 585 est
1692 526 2018 606 suspicari,

111 636 452 707 utrumque
508 627 669 685 illud
725 645 979 685 carmen
1036 626 1456 685 Horatianum
1513 624 1751 699 serius,
1826 645 2019 704 quam

0 726 1 736 ’
113 727 436 808 Spohnius
479 725 810 805 opinetur,
857 725 1157 805 scriptum
1188 744 1346 786 esse.
1434 723 1647 804 Atque
1688 724 1758 783 in
1797 730 2018 785 neutro

111 826 388 886 carmine
446 825 792 904 quidquam
843 826 1192 905 reperitur,
1266 825 1437 904 quod
1486 824 1636 884 huic
1678 823 2020 904 suspicioni

110 907 495 987 adversetur.
582 923 742 983 Nam
783 923 1051 983 Librum
1090 922 1372 984 Odarum
1414 924 1696 1005 primum
1740 923 2017 984 carmina

109 1024 479 1106 complecti,
539 1044 701 1104 quae
745 1025 911 1082 intra
953 1042 1150 1084 anuos
1195 1023 1268 1083 U.
1302 1022 1371 1084 C.
1406 1022 2024 1098 718—736..com-,

108 1126 313 1208 posita
374 1125 532 1199 sint,
604 1130 850 1184 certum
922 1130 1041 1183 est.
1156 1122 1374 1203 Neque
1430 1125 1646 1200 obest,
1722 1125 1896 1204 quod
1951 1125 2021 1184 in

106 1225 387 1305 Epistola
423 1225 664 1303 formu
723 1223 1022 1283 tribuitur
1079 1222 1369 1299 Tibullo,
1440 1241 1634 1302 quem
1676 1223 2019 1284 verisimile

111 1326 197 1384 sit
258 1324 569 1405 proximis
639 1331 783 1384 ante
838 1317 1110 1383 mortem
1180 1321 1361 1381 annis
1421 1340 1652 1401 corpus
1721 1323 2019 1384 habuisse

107 1425 350 1485 morbis
394 1424 685 1502 curisque
736 1428 1142 1483 maceratum.
1246 1418 1406 1479 Nam
1429 1421 1675 1499 foma
1700 1442 1826 1482 aseu
1853 1423 2019 1502 for-

106 1522 379 1583 vno-sitas
436 1522 667 1582 dicitur
721 1522 802 1582 de
858 1522 1089 1581 decora
1148 1519 1431 1599 corporis
1491 1521 1699 1599 specie
1757 1527 1823 1581 et
1876 1529 2019 1602 apta

82 1622 390 1690 vomnium
432 1622 712 1701 partium
755 1620 1246 1701 compositione,
1293 1638 1453 1698 quae
1479 1627 1734 1681 moveat
1761 1622 2018 1682 alterius

109 1721 394 1782 animum
438 1728 505 1781 et
547 1722 626 1781 ad
668 1720 1147 1783 venerationem
1205 1718 1505 1794 adducat,
1566 1719 1655 1779 ita
1713 1727 1782 1781 ut
1824 1721 2018 1782 etiam

105 1842 307 1882 senex
327 1871 331 1877 .
349 1820 669 1901 appellari.
697 1826 888 1900 queat
911 1819 1264 1899 formosus
1281 1859 1304 1891 ,
1349 1839 1482 1878 non
1523 1819 1683 1879 item
1723 1822 2016 1904 pulcher,

108 1921 483 1982 observante
536 1919 816 1980 Manutio
872 1921 952 1979 ad
1013 1917 1331 1979 Ciceronis
1353 1930 1363 1934 “
1385 1916 1583 1999 Epist.
1638 1921 1719 1980 ad
1759 1920 2013 1982 Divers-

105 2018 220 2079 lx.
269 2020 367 2079 14.
410 2027 460 2092 §.
492 2020 555 2080 9.
655 2017 795 2079 Non
850 2018 1041 2102 igitur
1100 2024 1226 2093 est,
1286 2019 1458 2098 quod
1500 2020 1646 2080 ideo
1693 2021 1772 2080 de
1813 2020 2014 2098 Delia,-

104 2119 310 2200 prima
366 2119 606 2178 Tibulli
661 2138 844 2195 cura,
917 2119 1120 2180 aliave
1182 2118 1396 2199 puella
1453 2119 1823 2201 cogitemuS.
1931 2119 2016 2180 Et

103 2227 285 2281 acute
343 2219 535 2279 etiam
594 2225 814 2279 monet
882 2217 1217 2279 Passovius
1234 2261 1253 2295 ,
1329 2219 1527 2280 verba
1584 2220 1706 2280 ista
1772 2219 2016 2282 Horatii

104 2340 169 2381 v.
210 2320 272 2380 3.
332 2341 451 2379 cur
504 2318 626 2379 tibi
654 2317 886 2396 junior
925 2324 1043 2379 etc.
1107 2339 1239 2378 non
1299 2338 1487 2398 posse
1533 2321 1864 2381 commode
1905 2340 2015 2383 re-

103 2416 258 2479 ferri
312 2418 432 2478 nisi
486 2420 564 2478 ad
624 2438 772 2478 eum
829 2417 1191 2493 Tibullum,
1267 2418 1379 2499 qui
1431 2415 1561 2500 jam
1617 2403 1819 2482 aetate
1861 2441 2015 2502 pro-

102 2525 324 2579 vectus
366 2516 650 2578 Nemesis
694 2537 910 2579 amore
953 2517 1236 2598 perierit.
1320 2516 1535 2595 Adde,
1582 2521 1755 2600 quod
1786 2520 2013 2580 Tibul-

103 2616 204 2677 lus
248 2616 426 2676 Libr.
456 2616 539 2675 11.
583 2615 759 2699 Eleg.
795 2618 858 2676 4.
900 2637 963 2677 v.
993 2617 1097 2677 53.
1139 2617 1402 2693 metuit,
1460 2637 1541 2678 ne
1595 2616 1890 2701 jubeatur
1920 2622 2010 2681 'ab

102 2736 293 2780 avara
334 2715 584 2777 Nemesi
644 2716 859 2778 villam
911 2736 1091 2776 suam
1132 2718 1438 2778 vendere.
1539 2718 1660 2779 Ubi
1700 2719 2007 2799 locorum,

102 2836 374 2898 quaeso,
419 2817 576 2878 haec
620 2816 805 2876 citius
847 2814 1216 2896 faciliusque
1259 2817 1319 2877 ei
1360 2816 1425 2877 in
1467 2823 1751 2879 mentem
1792 2820 2013 2881 venire

88 2922 396 3002 'poterant
439 2936 632 2997 quam
676 2915 1091 2976 commoranti
1145 2915 1213 2975 in
1255 2916 1401 2978 villa
1442 2916 1697 2979 Pedana
1741 2925 1803 2980 et
1844 2919 2010 2980 hanc

102 3014 384 3098 Elegiam
426 3036 684 3096 prorsus
725 3015 1150 3076 miserabilem
1202 3012 1537 3078 exaranti?
1581 3017 1834 3083 Idcirco
1875 3019 2011 3081 Ho-

99 3113 300 3175 ratius
354 3115 422 3175 in
480 3114 759 3196 Epistola
819 3133 970 3175 eum
1025 3115 1225 3177 amice
1282 3117 1583 3178 admonet
1624 3118 2006 3197 divitiarum,

102 3231 259 3294 quas
312 3215 632 3295 possideat
646 3257 666 3291 ‚
733 3220 796 3275 et
848 3213 1046 3276 victus
1099 3215 1322 3277 mundi
1378 3222 1441 3278 et
1496 3237 1835 3279 crumenae
1876 3238 2007 3280 non

100 3465 258 3518 Dulct‘
228 3486 372 3527 ·1,nea
413 3477 460 3518 et
489 3487 594 3518 cnm
623 3467 844 3520 Nemesis
872 3470 1019 3533 dura,
1057 3480 1110 3521 ut
1143 3472 1241 3523 vidi
1228 3491 1370 3538 =,mus
1407 3482 1455 3523 et
1485 3490 1625 3524 saeva
1662 3482 1789 3523 esset
1823 3475 2005 3538 puella,

98 3556 187 3602 per
220 3557 365 3590 suave
401 3558 669 3605 oxymoron
706 3543 978 3605 appellatur
1011 3546 1208 3595 immitis
1236 3546 1480 3611 Glycera,
1519 3543 1602 3596 die
1634 3542 1846 3597 unholde
1867 3545 2007 3597 Hul-

100 3609 218 3673 din,
256 3622 310 3664 nt
343 3617 484 3664 vertit
511 3611 713 3665 Jahninn
749 3632 800 3678 p.
830 3620 953 3667 260.
990 3616 1107 3667 edit.
1140 3623 1191 3668 1.
