2236 3932
163 135 314 198 ‚120
663 168 701 182 υ
788 157 869 197 DE
917 159 974 196 ι.
1006 157 1211 224 νΑ1110
1258 158 1496 198 Pomm.

189 289 379 351 suasit
419 289 587 352 illius
613 290 999 352 Prolusionis
1029 291 1278 353 censori
1317 279 1408 352 111
1429 291 1836 376 Ephemerid.
1864 291 2090 356 Litter.

188 381 466 474 Goffing.
521 410 580 451 a.
644 392 831 452 1791.
885 413 949 470 p.
1011 391 1112 449 10.
1169 390 1537 471 suspicanti,
1610 412 1754 454 eam
1811 391 2091 455 Senecae

186 508 347 552 aevo
390 490 686 571 proxime
713 491 1036 551 accedere.
1114 487 1376 550 lnterea
1402 490 1866 568 HeerkensiuS,
1910 499 2091 574 capto

188 589 449 650 consilio
478 589 806 649 dedicandi
834 608 1020 647 suum
1046 589 1414 668 opusculum
1427 590 1890 674 Francogalliae
1913 590 2091 673 Regi,

186 707 331 748 eam
373 689 456 749 ob
502 707 784 748 caussam
827 685 1163 766 scripserat
1204 689 1286 747 ad
1322 685 1461 770 ejus
1492 690 1967 766 administrum,
2008 688 2090 749 L.

185 787 264 847 Β.
320 788 401 848 (13
453 785 890 846 Bretevilium.
1006 785 1133 866 Qui
1189 807 1336 847 cum
1394 789 1813 849 consuluisset
1870 787 2094 849 Socios

184 885 570 947 Academiae
611 883 843 967 Regiae
872 883 1076 946 Inscr.
1120 890 1186 946 et
1211 885 1578 947 Humanior.
1608 886 1833 948 Litter.
1845 931 1866 964 ,
1908 907 2095 970 roga-

185 991 285 1046 tus
327 989 424 1045 est
465 983 896 1044 Heerkensius
911 1028 932 1061 ,
988 990 1062 1043 ut
1112 984 1383 1046 Parisios
1434 987 1768 1047 nonnullas
1795 987 2094 1057 ‚mitteret

185 1084 352 1145 illius
394 1083 754 1164 tragoediae
795 1083 1168 1163 particulas,
1214 1104 1295 1144 ex
1337 1084 1581 1165 quibus
1609 1082 1915 1167 judicium
1952 1085 2093 1147 fieri

183 1189 399 1264 posset
413 1226 434 1259 ,
477 1182 748 1264 genuina
789 1183 898 1242 illa
943 1189 1146 1260 esset,
1190 1205 1310 1244 nec
1339 1204 1445 1244 ne.
1530 1183 1653 1261 At,
1694 1183 2093 1246 Heerkensio

181 1282 249 1341 id
271 1287 619 1358 recusante,
649 1302 753 1342 res
778 1282 934 1362 ipsa,
965 1283 1283 1343 nonnullis
1313 1282 1597 1364 epistolis
1621 1284 1786 1344 ultro
1808 1285 2094 1364 citroque

184 1381 392 1442 missis
402 1416 426 1458 ι,
482 1382 564 1441 ad
603 1381 856 1443 irritum
899 1382 1123 1443 cecidit
1138 1427 1158 1458 ,
1217 1388 1289 1442 ut
1346 1383 1600 1463 copiose
1643 1402 1718 1443 ac
1761 1382 2095 1465 diligenter

185 1479 384 1541 refert
416 1481 725 1542 Chardon
768 1483 848 1540 de
893 1483 961 1541 la
989 1482 1303 1542 Rochette
1330 1481 1400 1541 in
1423 1477 1714 1560 Melang.
1758 1484 1837 1542 de
1870 1480 2094 1563 Critiq.

188 1589 250 1662 qt
291 1565 372 1639 zze
413 1577 732 1657 Philolog.
790 1580 873 1640 T.
900 1579 1018 1639 III.
1063 1602 1131 1661 p.
1179 1581 1307 1641 318
1334 1613 1422 1625 -
1451 1581 1599 1641 342.
1713 1582 1884 1642 naec
1941 1582 2094 1641 dum

186 1677 441 1739 Parisiis
497 1685 802 1760 aguntur,
861 1677 1248 1740 Villoisonus
1301 1700 1420 1761 per
1478 1675 1722 1741 litteras
1779 1701 1855 1742 ea
1899 1681 1978 1741 de
2019 1699 2095 1740 re

186 1777 426 1837 adierat
467 1775 688 1837 Jacob.
714 1771 1109 1855 Morellium,
1167 1779 1276 1859 qui
1318 1778 1624 1861 sagaciter
1664 1780 1851 1840 istam
1891 1778 2095 1842 Heer-

185 1876 395 1936 k'ensii
437 1876 572 1937 sive
611 1875 917 1937 fraudem
949 1876 1083 1939 sive
1127 1881 1413 1938 errorem
1442 1878 1719 1958 pervidit
1760 1885 1826 1939 et
1853 1878 1921 1938 in
1958 1877 2095 1959 epi-

187 1976 351 2036 stola
379 1976 461 2036 ad
486 1974 911 2037 Villoisonum
938 1976 1001 2036 d.
1031 1974 1252 2037 Venet.
1267 1976 1353 2037 X.
1383 1976 1526 2038 Cal.
1545 1975 1803 2040 Octobr.
1831 1997 1887 2038 a.
1909 1979 2094 2038 1792.

186 2074 514 2156 patefecit,
557 2096 692 2135 non
735 2075 870 2136 sine
913 2075 1100 2136 laude
1145 2074 1441 2138 Grimmii
1481 2076 1768 2137 libellum
1811 2095 2094 2138 comme-

186 2166 463 2235 moranS.
550 2172 679 2234 Ista
706 2174 877 2235 enim
900 2175 1251 2258 tragoedia,
1297 2176 1563 2254 TereuS,
1608 2196 1798 2256 quam
1823 2175 1902 2237 L.
1919 2175 2094 2236 Varii

189 2293 329 2334 esse
355 2274 654 2354 crepabat
669 2275 938 2337 Batavus
965 2275 1092 2353 ille,
1118 2275 1295 2335 nulla
1323 2274 1446 2335 fuit
1469 2275 1590 2336 alia
1613 2295 1802 2356 quam
1814 2277 2094 2353 Progne,

187 2371 529 2450 tragoedia
558 2394 733 2436 ‘nunc
748 2372 1042 2455 primum
1069 2374 1265 2435 edita.
1319 2375 1409 2436 1η
1434 2373 1803 2435 Academia
1824 2374 2094 2437 Veneta.

194 2471 382 2533 1558.
411 2473 472 2535 4.
561 2471 763 2556 Hujus
806 2479 1022 2535 autem
1057 2476 1344 2552 Prognes
1386 2479 1713 2535 auctorem
1755 2493 1893 2535 esse
1930 2473 2095 2534 Gre-

184 2570 448 2649 gorium
482 2571 859 2634 Corrarz'um
871 2617 894 2647 ,
939 2573 1251 2634 Venetum
1279 2574 1792 2636 Protonotarium
1816 2572 2095 2654 Aposto-

188 2670 415 2748 licum,
472 2670 582 2751 qui
624 2669 805 2733 Sacc.
833 2671 977 2732 XV.
1020 2671 1341 2751 floruerit,
1395 2679 1527 2736 tam
1569 2673 1817 2735 erudite
1853 2678 1921 2731 et
1960 2677 2120 2745 tam„

191 2769 379 2830 certis
423 2772 816 2850 argmnentis
845 2772 1121 2833 ostendit
1144 2772 1471 2834 Morellius
1487 2817 1508 2850 ,
1552 2778 1642 2850 ut,
1687 2772 1799 2853 qui
1824 2770 2092 2851 amplius

191 2868 438 2929 dubitet
451 2911 472 2944 ,
515 2887 704 2929 nemo
732 2868 915 2931 facile
942 2872 1294 2952 reperiatur
1307 2871 1404 2952 ⁸⁵).
1490 2870 1715 2931 Valeat
1742 2871 1977 2951 itaque,
2020 2875 2093 2929 ut

189 2966 464 3030 Morellii
505 2966 717 3032 verbis
742 2973 884 3030 utar
899 3013 919 3046 ,
962 2970 1392 3033 Heerkensius
1436 2991 1576 3033 cum
1608 2969 1801 3031 Vario
1831 2967 1982 3030 suo!
2005 3002 2093 3014 —

337 3138 431 3201 85)
469 3134 688 3205 Morellii
723 3139 970 3200 epistolam
1010 3140 1259 3191 ediderunt
1293 3141 1550 3195 Harlesius
1579 3144 1628 3192 in
1665 3138 1992 3205 supplement.
2030 3139 2094 3192 ad

191 3208 324 3259 brev.
377 3218 478 3259 not.
527 3208 702 3259 Litter.
749 3207 888 3259 Rom.
929 3210 983 3261 P.
1008 3211 1049 3262 l.
1088 3232 1136 3274 p.
1165 3217 1286 3263 404.
1315 3231 1422 3278 sqq.
1471 3223 1520 3263 et
1557 3212 1778 3262 Chardon
1815 3213 1875 3261 de
1910 3212 1958 3275 la
1992 3209 2092 3260 Ro-

193 3280 348 3330 chette
382 3282 419 3330 l.
445 3299 487 3330 c.
525 3299 574 3342 p.
595 3286 716 3331 339.
745 3297 886 3344 sqq„
922 3285 1004 3344 qui
1027 3283 1157 3333 haud
1190 3286 1428 3335 immerito
1464 3287 1690 3346 miratur,
1746 3287 1829 3347 qui
1862 3283 1973 3332 fieri
2006 3299 2095 3344 po·

193 3360 245 3399 tt
249 3354 368 3412 ert
423 3361 476 3400 ut
510 3350 843 3402 Heerkensius
889 3354 974 3401 tali
1022 3357 1123 3405 sive
1162 3357 1331 3406 fraude
1367 3359 1471 3408 sive
1502 3374 1667 3406 errore
1704 3356 1943 3404 doctrinae
1977 3369 2092 3402 suae

192 3423 368 3488 famam
415 3424 795 3474 commacularet.
837 3450 906 3463 —-
959 3422 1038 3474 Dc
1093 3427 1320 3477 Gom-arii
1365 3427 1553 3492 Progne
1600 3428 1804 3477 conferri
1850 3433 2089 3475 meretur.

190 3482 475 3547 Academia
527 3493 722 3546 Veneta
773 3513 858 3548 seu
907 3494 1063 3547 Della
1106 3497 1287 3548 Fama.
1388 3497 1447 3557 In
1499 3500 1877 3561 disquisitionem
1921 3503 2092 3544 vocata

190 3573 348 3615 actore
382 3575 430 3614 et
461 3574 649 3616 auctore
683 3565 763 3620 Jo.
792 3566 988 3617 Gottlob
1021 3566 1214 3629 Kunze.
1253 3565 1479 3636 (Lipsiae
1517 3571 1701 3635 1801.)
1737 3588 1788 3633 p.
1819 3573 1939 3623 108·
1957 3584 2030 3630 sq.
