2236 3932
695 213 780 255 ma
824 213 885 255 1..
928 194 1139 257 VA'luo
1184 213 1426 257 ron-rs.
1888 194 2015 262 105

112 350 344 427 „dona
402 350 626 413 dando
668 358 964 430 emerant
1017 351 1279 439 urbem,
1340 360 1420 413 ut
1454 351 1550 430 jin
1590 372 1670 414 ea
1713 346 2048 416 domina-²

112 461 342 511 rentur
354 472 375 525 ς
441 450 636 513 Curio
678 452 854 512 solus
896 450 1191 513 omnium
1232 449 1532 513 vendidit
1579 453 1854 515 Caesari
1857 498 1879 530 ,
1916 447 2022 516 ¹ut*

112 548 190 611 ‘in
257 571 340 611 ea
408 548 881 610 dovninaretur.
1001 553 1107 612 De
1174 571 1300 634 quo
1376 550 1728 632 Vim-giltam
1794 554 2023 614 volunt

115 647 402 710 divisse:
473 647 779 709 Vendidit
835 649 939 710 hie
998 670 1153 712 auro
1194 650 1500 732 patriam,
1563 651 2022 733 dominumque

111 753 439 828 potentem
477 745 851 829 Imposuit.“
936 748 1239 812 Conferas
1276 750 1579 840 eumdem
1600 748 2024 812 Scholiastem

112 846 196 907 ad
260 846 482 907 Phars.
539 845 719 907 Libr.
763 847 816 907 Ι.
858 869 922 910 v.
954 849 1103 910 269.
1207 848 1333 932 Qui
1384 849 1632 934 Virgilii
1686 850 1886 912 verba
1938 851 2025 911 ad

96 946 415 1007 amussim
453 947 826 1029 'exegerunt
883 947 1266 1030 Interpretes
1282 994 1303 1027 ,
1370 947 1749 1012 fluctuanmt
1802 948 2026 1011 haese-

113 1051 395 1125 rtmtque
435 1046 734 1107 maximis
778 1047 1064 1129 impliciti
1108 1047 1543 1111 difficultatum
1583 1048 1769 1110 nodis
1785 1092 1806 1127 ,
1864 1068 2028 1130 quos

112 1144 399 1224 Heynius
434 1145 524 1206 ita
551 1146 883 1226 expedivit
911 1167 1024 1208 seu
1051 1147 1260 1228 potius
1295 1145 1622 1223 dissecuit,
1668 1153 1742 1207 ut
1769 1166 2030 1222 omnem

115 1264 379 1325 operam
443 1245 524 1305 ad
584 1251 787 1306 certos
841 1246 1000 1307 haec
1058 1245 1399 1307 revocandi
1438 1245 1729 1306 homines
1771 1246 2030 1307 inanem

115 1344 372 1405 diceret.
472 1345 658 1422 Quod
714 1345 873 1405 mihi
928 1365 1108 1406 secus
1148 1342 1431 1406 videtur!
1491 1341 1750 1406 Servius
1778 1346 1874 1406 ad
1916 1365 2023 1408 vv.

97 1427 275 1526 fissrit
329 1445 496 1523 leges
546 1442 761 1527 pret-io
804 1453 999 1525 atque
1042 1441 1273 1522 refixit
1282 1484 1306 1516 ,
1376 1443 1784 1523 „Possumus
1796 1448 1875 1518 ,“
1929 1444 2034 1504 in-

117 1544 290 1626 quit,
362 1540 785 1618 „Antoniam
847 1540 1174 1623 accipere,
1249 1540 1607 1622 secandum
1670 1541 2035 1605 Ciceronem

115 1642 190 1703 in
229 1639 683 1723 Phaippzbzkf‘
780 1640 938 1700 Mihi
996 1661 1126 1702 non
1183 1640 1451 1700 dubium
1499 1637 1643 1718 est.
1687 1641 1843 1722 quin
1885 1641 2035 1701 Vir-

114 1741 265 1826 gilio
307 1741 449 1802 illos
491 1739 791 1801 scribenti
831 1761 1053 1802 versus
1098 1745 1306 1801 certus
1350 1740 1610 1821 quidam
1640 1739 1837 1803 homo
1881 1759 2036 1802 suae

115 1840 333 1903 aetatis
376 1840 748 1902 obversatus
790 1838 1003 1901 fuerit.
1089 1839 1305 1920 Atque
1318 1883 1339 1917 ‚
1380 1839 1506 1901 nisi
1546 1839 1711 1901 forte
1746 1840 2035 1903 consulto

118 1947 188 2003 et
228 1940 452 2002 callide
496 1959 583 2001 ex
626 1940 870 2001 duobus
894 1939 1254 2001 hominibus
1267 1984 1288 2017 ,
1335 1939 1612 2001 Curione
1637 1945 1703 2000 et
1730 1938 2035 2018 AntoniO,

117 2061 317 2102 unum
373 2060 412 2101 a
467 2039 666 2100 Poeta
721 2039 1064 2101 Mantuano
1125 2038 1466 2101 confictum
1524 2058 1599 2100 ac
1640 2039 1837 2102 veluti
1880 2059 2037 2100 con-

119 2140 340 2202 flatum
402 2145 637 2200 statuas
693 2138 900 2202 civem
956 2139 1293 2201 scelestum
1346 2145 1413 2199 et
1468 2137 1737 2220 impium
1794 2138 1864 2199 in
1918 2158 2037 2221 pa-

119 2239 344 2317 triam,
403 2239 563 2300 mihi
617 2238 758 2302 veri
813 2240 1159 2301 admodum
1214 2239 1421 2300 simile
1473 2238 1759 2316 videtur,
1830 2237 2039 2299 nemi-

119 2359 272 2402 nem
313 2339 507 2402 alium
521 2383 541 2417 ‚
586 2360 778 2420 quam
804 2338 889 2403 M.
923 2339 1266 2400 Antonium
1293 2338 1398 2400 hic
1426 2337 1800 2422 significari,
1844 2357 2040 2419 quem

122 2441 319 2502 Poeta
374 2440 685 2501 scelerum
738 2459 975 2521 poenas
1029 2439 1099 2501 in
1169 2437 1338 2500 Orco
1405 2438 1692 2501 luentem
1760 2438 2040 2499 induxe-

123 2540 227 2601 rit.
311 2539 623 2600 Antonius
663 2539 836 2600 enim
851 2583 870 2617 ‚
929 2539 984 2599 si
1026 2538 1171 2620 quis
1215 2539 1374 2599 alius
1389 2582 1410 2618 ,
1456 2538 1583 2601 dici
1624 2543 1876 2622 poterat
1917 2557 2034 2619 pa-

124 2641 281 2701 triae
304 2638 683 2722 imposuisse
717 2639 1047 2700 dominum
1087 2643 1431 2720 potentem.
1514 2639 1747 2715 „Nam
1759 2681 1784 2714 ‚
1827 2636 2039 2719 inquit

126 2739 346 2802 Cicero
400 2740 673 2821 Philipp.
721 2737 806 2798 Π.
866 2759 923 2800 c.
965 2739 1104 2815 2l.‚
1178 2759 1378 2821 quum
1434 2735 1517 2800 L.
1561 2737 1885 2814 Lentule,
1965 2737 2035 2799 C.

121 2840 437 2902 Marcello
452 2883 476 2916 ,
540 2836 961 2914 Consulibus,
1015 2836 1335 2900 Kalendis
1376 2840 1663 2901 Ianuar.
1719 2838 2040 2899 labentem

125 2949 188 3002 et
221 2959 434 3026 prope
475 2939 812 3000 cadentem
851 2959 992 2999 rem
1044 2936 1373 3020 publicam
1404 2937 1662 3021 fulcire
1701 2933 2042 3019 cuperetis,

125 3038 378 3123 ipsique
425 3040 494 3102 C.
535 3036 839 3113 Caesari,
885 3036 950 3098 si
986 3058 1162 3099 sana
1201 3047 1413 3099 mente
1454 3047 1652 3115 esset,
1707 3035 2042 3098 comulere

126 3138 368 3199 velletis
385 3162 404 3200 ε
451 3148 592 3199 tum
635 3138 757 3199 iste
795 3138 1168 3219 (Antonius)
1211 3137 1547 3201 venditum
1588 3148 1782 3220 atque
1815 3154 2042 3195 eman-

127 3236 421 3320 cipatum
463 3238 875 3299 tribmmtam
916 3236 1203 3300 consiliis
1243 3236 1474 3299 vestris
1516 3233 1857 3321 opposuit,
1901 3253 2042 3295 cer-

127 3336 419 3421 vicesque
460 3358 621 3399 suas
666 3337 730 3398 ei
764 3335 1032 3415 subiecit
1073 3335 1322 3415 secari,
1367 3359 1499 3421 qua
1539 3334 1736 3397 multi
1763 3331 2043 3395 minori-

129 3436 248 3498 bus
302 3435 375 3497 in
423 3435 709 3519 peccatis
766 3436 1211 3501 occiderunt.“
1322 3437 1504 3499 Idem
1573 3456 1629 3499 c.
1685 3438 1794 3498 20.
1869 3431 2041 3511 dicit,

128 3536 477 3598 Antonium
493 3579 512 3613 ,
551 3556 750 3618 quum
782 3537 1091 3615 Quaestor
1124 3536 1404 3602 Caesaris
1428 3534 1866 3621 largitionibus
1893 3553 2044 3617 per-

129 3636 276 3699 ditis
318 3636 489 3700 vitae
530 3637 879 3702 rationibus
935 3637 1379 3717 succurrisset,
1438 3636 1762 3700 advolasse
1803 3633 1888 3699 ad
1928 3632 2044 3695 tri-
