2236 3932
270 138 397 218 ³54,
702 207 712 212 ,
836 160 914 199 nn
957 158 1179 198 GAssio
1223 159 1586 199 rnamnusr.

272 296 538 353 locatam
581 314 750 364 esse3
795 313 924 350 non
967 291 1152 351 video
1191 291 1344 370 quid
1376 291 1678 371 impediat
1709 293 2046 370 quominus
2078 297 2155 353 ad

270 391 585 452 Plutarchi
628 389 1090 463 testimonium,
1134 408 1262 467 quo
1292 389 1532 448 nullum
1562 395 1767 468 potest
1796 411 1930 450 esse
1959 393 2156 451 diser-

270 491 394 550 tius
449 490 814 567 nullumque
869 487 1065 567 magis
1123 487 1522 566 perspicuum
1541 531 1557 561 ‚
1631 490 2156 568 propendeamus,

268 590 460 668 idque
502 607 645 646 cum
687 584 744 645 J.
783 583 1039 664 Lipsio·
1062 586 1143 645 ad
1187 585 1389 645 Taciti
1431 587 1606 646 Anu.
1634 585 1809 645 Libr.
1854 586 1907 646 Ι.
1954 607 2007 646 c.
2058 593 2156 647 10.

270 697 336 745 et
377 687 444 744 in
486 683 755 742 ExcurS.
800 684 874 742 B.
927 689 992 742 et
1036 702 1181 743 cum
1221 682 1533 743 Heerenio
1575 684 1645 743 in
1681 685 2034 746 Commeat.
2079 688 2157 745 de

267 785 332 844 F
328 778 524 841 022th
551 781 813 840 Plularc
809 781 894 840 Ιιι
931 804 994 862 p.
1030 783 1172 842 180.
1217 782 1682 861 amplectamur.
1770 783 2157 865 Glandorpio

267 885 336 940 in
394 877 715 939 Onomast
763 901 839 959 p.
897 882 1002 938 87.
1060 881 1377 956 monenti,
1434 879 1841 943 Plutarchum
1896 884 1964 942 in
2021 884 2155 943 aliis

267 998 517 1060 quoque
560 979 747 1039 rebus
792 979 1020 1038 erroris
1062 979 1463 1040 manifestum
1505 981 1745 1055 teneri,
1805 1002 1934 1041 non
1975 983 2159 1041 dubi-

266 1087 464 1138 tarem
515 1077 710 1137 fidem
765 1075 1136 1158 adjungere,
1207 1078 1550 1139 dummodo
1615 1080 1775 1139 alius
1829 1080 2155 1161 scriptoris

266 1177 627 1238 testimonio
670 1182 845 1237 certo
888 1196 960 1236 ac
1002 1164 1177 1258 gravi
1219 1178 1425 1239 evinci
1458 1182 1709 1258 posset,
1751 1177 2158 1239 Plutarchum

199 1330 204 1346 s
266 1276 384 1336 hac
411 1276 601 1336 etiam
627 1275 694 1334 in
724 1295 797 1336 re
825 1274 1050 1334 falsum
1079 1295 1237 1336 esse.
1308 1276 1498 1352 Mihi,
1545 1282 1615 1336 ut
1639 1277 1912 1358 ingenue
1939 1277 2157 1355 fatear,

272 1374 401 1434 Viri
443 1374 662 1452 Docti,
706 1374 815 1454 qui
850 1374 1184 1435 Plutarcho
1227 1374 1419 1434 fidem
1461 1376 1892 1457 abrogandam
1935 1396 2155 1438 cense-

265 1480 442 1549 rent,
493 1494 621 1534 non
664 1480 793 1533 tam
837 1473 1216 1553 scriptorum
1257 1481 1547 1536 veterum
1586 1474 1741 1535 locis
1784 1497 1975 1555 quam
2018 1478 2156 1558 opi-

264 1562 450 1634 nione
493 1574 789 1652 quadam
845 1570 1268 1655 praejudicata
1323 1573 1593 1653 permoti
1653 1593 1792 1634 esse
1845 1575 2155 1652 videntur,
2226 1578 2228 1581 ’

262 1679 335 1732 ut
387 1672 649 1735 mallent
686 1669 1013 1733 Octaviam
1066 1673 1382 1733 minorem
1434 1669 1629 1752 quam
1679 1670 1986 1787 majorem
2040 1695 2156 1755 pro

262 1771 347 1829 M.
393 1771 652 1830 Antonii
693 1791 900 1831 uxore
956 1771 1210 1831 habere.
1306 1771 1636 1831 Traditum
1694 1773 1863 1832 enim
1915 1793 1953 1832 a
2003 1776 2157 1835 scri-

263 1871 552 1951 ptoribus
596 1871 892 1952 legimus,
916 1900 921 1904 ··
937 1869 1112 1930 illam
1153 1869 1240 1929 M.
1284 1870 1546 1930 Antonii
1589 1890 1866 1932 uxorem
1910 1872 2184 1934 Caesari

267 1969 615 2057 Octaviano
659 1989 983 2050 percaram
1025 1988 1260 2049 perque
1303 1976 1546 2051 gratam
1601 1969 1828 2046 fuisse,
1890 1990 2159 2052 eamque

262 2069 598 2130 virtutibus
641 2069 1017 2130 excelluisse
1060 2069 1246 2148 plane
1290 2067 1724 2150 singularibus».
1825 2068 1959 2151 Ego
2003 2080 2155 2133 vero

263 2174 736 2250 argumentum,
781 2168 953 2247 quod
996 2186 1093 2227 ex
1116 2167 1246 2245 hoc
1287 2166 1496 2227 fratris
1523 2168 1592 2227 in
1625 2188 1911 2229 sororem
1938 2188 2157 2230 amore

261 2276 322 2327 et
363 2269 565 2328 studio
609 2274 671 2348 et
697 2286 783 2327 ex
813 2267 1043 2327 sororis
1073 2266 1407 2327 virtutibus
1439 2272 1788 2347 repetatur,
1832 2267 2156 2331 confiden-

260 2355 356 2425 ter
392 2375 575 2448 'nego
631 2367 978 2446 quidquam
1022 2366 1236 2427 valere
1290 2384 1472 2444 posse
1532 2366 1610 2425 ad
1664 2364 2157 2427 labefactandam

259 2464 579 2534 Plutarchi
622 2464 1058 2526 auctoritatem
1103 2484 1176 2525 ac
1218 2463 1427 2526 fidem.
1525 2464 1671 2525 Fuit
1713 2466 1882 2526 enim
1928 2466 2155 2527 Caesar

248 2552 639 2625 'octavianus
688 2559 942 2624 omnino
986 2583 1242 2623 suorum
1275 2564 1773 2642 amantissimus,
1816 2584 2027 2644 neque
2063 2573 2157 2625 est

259 2664 430 2742 quod
487 2682 771 2723 sororem
811 2659 1190 2745 germanam
1244 2664 1451 2724 minus
1508 2664 1588 2723 ab
1649 2683 1727 2724 eo
1800 2665 2153 2723 adamatam

258 2745 451 2821 fuisee
494 2762 858 2840 opinemur,
920 2781 1111 2842 quam
1150 2763 1504 2838 uterinam,
1523 2794 1533 2801 ·-
1566 2768 1671 2822 aut
1711 2762 1884 2822 illam
1927 2763 2154 2822 eodem

257 2866 486 2920 natam*
499 2865 709 2940 patre,
756 2880 947 2939 quem
976 2861 1183 2922 virum
1215 2868 1532 2941 sanctum,
1559 2854 1978 2922 innocentem
2019 2862 2153 2921 ani-

256 2978 495 3038 moque
536 2959 857 3040 egregium
898 2958 1088 3021 fuisse
1148 2961 1413 3036 scimuS,
1474 2980 1604 3020 non
1657 2961 1751 3019 eis
1809 2961 2154 3039 praeditam

256 3057 592 3117 virtutibus
637 3056 827 3116 fuisse
872 3058 1187 3135 dicamus,
1250 3080 1402 3140 quas
1458 3061 1537 3119 de
1575 3059 1870 3135 Octavia,
1929 3066 2152 3138 quarta

258 3155 348 3231 M.
376 3156 639 3217 Antonii
688 3177 931 3232 uxore,
975 3159 1103 3218 rari
1138 3159 1425 3237 ‘exempli
1467 3159 1765 3231 muliere,
1813 3159 2153 3239 scriptores

257 3262 772 3316 commemorent.
861 3257 1178 3337 Denique,
1237 3266 1306 3317 ut
1351 3259 1471 3330 hoc
1515 3259 1772 3331 addam,
1819 3256 2151 3316 Plutarcho

256 3353 510 3412 videtur
567 3355 757 3420 etiam
816 3357 1142 3436 utriusque
1186 3354 1482 3418 Octaviae
1541 3363 1711 3427 aetas
1756 3349 2152 3435 patrocinari.

259 3437 584 3512 Octaviam
628 3453 972 3529 minorem,
1031 3474 1224 3533 quam
1265 3454 1494 3516 sci-mus
1536 3454 1732 3514 fratre
1788 3454 1978 3512 fuisse
2019 3472 2155 3511 ma-

196 3580 200 3587 ·
252 3544 488 3627 joi-em,
526 3571 855 3630 =‘ponamus
899 3559 1109 3612 natam
1154 3572 1290 3614 esse
1337 3571 1394 3613 a.
1454 3554 1524 3613 U.
1572 3553 1641 3612 G.
1688 3552 1875 3627 690„
1934 3552 2022 3610 ita
2066 3557 2152 3626 ut,
