2236 3932
209 127 332 187 198
794 144 876 183 un
923 141 1147 182 CAssm
1194 139 1559 183 PARMENSI.

210 287 344 348 ctus
357 325 378 358 ‚
437 299 722 342 caussam
762 275 1053 341 veneficii
1093 279 1425 336 accusante
1469 273 1679 337 Cassio
1725 275 1967 340 Severo
2013 277 2110 336 di-

213 386 416 455 ceret3
484 377 798 443 consuluit
850 381 1174 452 senatum,
1241 374 1395 456 quid
1451 374 1646 438 officii
1699 376 1796 436 sui
1837 382 2079 457 putaret
2094 399 2112 436 ε

213 477 513 542 cunctari
550 475 721 536 enim
763 495 867 548 se,
926 494 1044 548 ne,
1101 471 1163 534 si
1198 484 1597 555 superesset,
1642 475 1917 558 eriperet
1959 474 2116 554 legi-

218 579 335 642 bus
376 598 560 638 reum
573 599 594 648 ,-
638 574 744 634 sin
787 574 1064 647 deesset,
1123 571 1469 634 destituere
1510 597 1591 635 ac
1623 575 2118 658 praedamnare

218 675 501 738 amicum
543 671 1051 732 existimaretur.
1151 669 1235 732 Et
1277 674 1810 736 consentientibus
1859 675 2118 736 univer·-

220 777 341 852 sis,
418 772 578 832 sedit
636 771 705 831 in
760 769 1076 831 subselliis
1131 791 1250 853 per
1306 772 1548 852 aliquot
1602 775 1822 848 horas;
1891 793 2119 835 verum

220 874 443 935 tacitus
514 889 587 930 ac
657 890 740 931 ne
804 869 1170 930 laudatione
1235 864 1502 950 'quidem
1554 870 1832 955 judiciali
1900 874 2121 934 data.“

221 971 431 1052 Atque
485 968 724 1029 factum
776 968 934 1029 illud
1002 968 1125 1030 Dio
1192 967 1442 1033 Cassius
1507 973 1779 1055 assignat
1834 994 2002 1034 anno
2046 972 2123 1033 U.

226 1070 295 1131 G.
339 1067 486 1131 745.
571 1067 717 1129 Jam
756 1068 906 1129 licet
946 1069 1149 1149 probe
1194 1069 1420 1148 sciam,
1463 1070 1736 1133 Dionem
1775 1073 1946 1133 haud
1976 1093 2123 1133 raro

222 1190 326 1231 res
368 1173 568 1252 gestas
583 1213 604 1245 ,
673 1168 956 1250 neglecto
1011 1173 1375 1251 temporum
1430 1171 1653 1234 ordine
1669 1214 1689 1247 ,
1752 1178 2126 1234 connectere

226 1270 362 1330 sola
404 1269 663 1329 ductum
706 1266 1141 1342 similitudine3
1199 1274 1410 1330 tamen
1453 1275 1602 1330 sunt
1643 1270 1763 1330 alia
1805 1290 1968 1351 quae
2006 1292 2127 1332 no·-

225 1370 324 1430 bis
369 1369 712 1445 suadeant,
757 1373 828 1426 ut
868 1366 1042 1429 illam
1085 1369 1164 1429 de
1196 1367 1505 1431 veneficio
1548 1369 1863 1430 actionem
1903 1369 2130 1430 mediis

225 1467 497 1552 Augusti
550 1465 945 1548 temporibus
997 1467 1340 1530 institutam
1388 1470 1739 1530 credamuS.
1842 1469 2130 1529 Primum

227 1567 398 1630 enim
441 1566 717 1646 dubitari
757 1566 934 1646 licet,
976 1565 1250 1630 fueritne
1292 1568 1495 1630 adhuc
1535 1569 1607 1629 in
1646 1569 1811 1653 vivis
1844 1569 2130 1651 Augusto

227 1669 581 1750 imperante
636 1665 876 1727 Nonius
930 1666 1250 1748 Asprenas
1304 1667 1683 1745 Proconsu13
1749 1665 1886 1751 ejus
1927 1667 2132 1727 filium

229 1774 444 1828 autem
501 1785 812 1848 perquam
866 1765 1214 1829 verisimile
1268 1773 1365 1828 est
1406 1773 1545 1829 tum
1586 1767 1874 1828 floruisse
1917 1773 1980 1829 et
2022 1786 2133 1828 ae-

229 1872 361 1927 tate
404 1870 469 1928 et
510 1865 707 1949 gratia
749 1866 918 1947 apud
942 1864 1126 1925 illum
1166 1865 1652 1948 Imperatorem.
1736 1866 1985 1928 Deinde
2018 1885 2135 1928 ve-

229 1965 437 2028 neficii
480 1965 720 2027 crimen
748 1965 948 2049 magis
991 1964 1157 2026 cadit
1196 1965 1264 2026 in
1307 1961 1612 2050 juvenem
1640 1986 1829 2047 quam
1855 1966 1925 2026 in
1947 1985 2136 2049 gran-

233 2067 329 2127 dis
369 2065 578 2135 virum
620 2065 873 2142 aetatis,
930 2063 1183 2147 qualem
1223 2085 1483 2127 necesse
1525 2072 1624 2127 est
1664 2065 1860 2126 fuisse
1903 2070 2137 2126 statua-

231 2187 373 2227 mus
401 2165 858 2227 Proconsulem
900 2164 1090 2226 istum
1123 2165 1230 2228 vel
1256 2165 1515 2227 ineunte
1541 2164 1812 2248 Augusti
1845 2163 2138 2244 imperio,

232 2266 302 2326 id
355 2271 481 2344 est,
552 2285 717 2326 anno
776 2263 851 2325 U.
897 2265 967 2328 C.
1013 2266 1160 2326 725.
1256 2264 1548 2345 Denique
1603 2264 1858 2324 Asinius
1913 2262 2137 2341 Pollio,

234 2365 346 2446 qui
377 2364 651 2429 Nonium
691 2363 982 2428 veneficii
1023 2384 1206 2426 reum
1250 2353 1565 2442 defendit,
1618 2369 1836 2444 pacata
1880 2363 2141 2423 demum

236 2463 490 2527 civitate
531 2463 737 2526 labori
778 2462 1014 2526 forensi
1066 2482 1449 2544 reorumque
1492 2461 1965 2524 defensionibus
2007 2460 2141 2522 fre-

236 2563 636 2644 quentiorem
677 2564 927 2626 videtur
968 2583 1235 2626 navasse
1264 2582 1558 2644 operam:
1602 2562 1736 2625 vid.
1781 2561 1958 2622 Auct.
1987 2561 2143 2621 Dia-

236 2662 364 2746 log.
422 2660 502 2727 de
561 2661 761 2723 Oratt.
821 2683 876 2724 c.
917 2664 1022 2725 38.
1137 2662 1378 2740 Quibus
1434 2663 1514 2723 de
1571 2660 1806 2723 caussis
1855 2661 2141 2735 inducor,

238 2767 306 2820 ut
321 2804 342 2838 ‚
412 2759 577 2822 facta
637 2762 716 2824 ab
789 2762 927 2825 aliis
1005 2763 1418 2840 discessione,
1490 2783 1623 2823 non
1686 2766 1815 2820 tam
1870 2759 2143 2820 Nonium

239 2860 654 2942 Asprenatem
695 2861 1146 2923 Proconsulem
1163 2906 1183 2939 ‚
1228 2882 1420 2943 quam
1463 2858 1602 2942 ejus
1624 2858 1844 2921 filium
1868 2858 2145 2919 Nonium

239 2960 659 3040 Asprenatem
700 2960 1102 3041 Torquatum
1145 2960 1390 3022 circiter
1430 2980 1598 3021 anno
1639 2959 1717 3020 U.
1761 2957 1831 3018 C.
1871 2960 1913 3018 7
1916 2956 2020 3018 45.
2064 2956 2145 3016 de

238 3058 546 3121 veneficio
602 3059 989 3140 postulatum
1045 3079 1183 3121 esse
1241 3060 1468 3121 dicam.
1587 3058 1788 3120 Asinii
1845 3055 2147 3118 Pollionis

241 3166 307 3219 et
351 3157 548 3219 Cassii
591 3157 818 3220 Severi
857 3159 927 3218 in
967 3156 1156 3241 hujus
1197 3159 1387 3239 Nonii
1431 3178 1648 3220 caussa
1691 3157 1968 3219 actiones
2013 3155 2156 3216 elo·

242 3258 539 3337 quentiae
582 3257 880 3318 studiosis
922 3258 1219 3341 legendas
1275 3259 1678 3320 commendat
1732 3255 2145 3334 Quintilianus

241 3355 393 3416 Inst.
428 3356 606 3418 Orat.
649 3355 828 3419 Libr.
855 3356 939 3417 X.
986 3379 1039 3419 c.
1064 3360 1121 3419 l.
1174 3366 1225 3432 §.
1254 3358 1358 3419 23.
1445 3358 1655 3437 Atque
1683 3356 1753 3417 in
1780 3356 2003 3417 eadem
2031 3371 2147 3414 ve-

242 3455 449 3518 neficii
508 3477 731 3518 caussa
772 3457 1070 3518 accidisse
1126 3458 1483 3539 suspicatur
1527 3454 1928 3538 Spaldingius
1969 3450 2146 3527 illud,

243 3557 417 3635 quod
446 3556 867 3639 Quintilianus
896 3555 1051 3618 Inst.
1084 3555 1199 3619 Or.
1227 3554 1531 3619 Libr.VI.
1565 3575 1619 3617 c.
1642 3555 1703 3615 3.
1731 3561 1782 3628 §.
1799 3554 1905 3613 78.
1937 3547 2146 3611 affert:
2194 3631 2198 3634 .
