2236 3932
235 191 321 251 36
819 210 901 259 nr.
947 212 1006 250 L.
1050 210 1259 253 vAmo
1304 211 1550 252 POETA.

235 365 382 408 cum
421 344 553 408 vita
594 343 823 406 Poetae
867 344 1173 406 Venusini
1216 343 1482 426 ejusque
1527 344 1697 408 fatis·
1797 346 2007 429 Quare
2028 345 2130 430 ¹de

233 444 334 505 his
373 443 670 506 nonnulla
712 450 855 504 sunt
894 443 1386 525 praemittenda,
1431 447 1661 526 quibus
1703 452 1915 507 tamen
1960 468 2131 509 com-

234 545 496 609 modum
550 543 667 604 erit
724 549 1009 604 attexere
1022 585 1045 621 ,
1120 541 1426 624 quidquid
1481 546 1560 606 de
1600 544 1679 607 L.
1722 545 1916 608 Vario
1959 565 2130 610 com-

234 649 484 726 perttnn
522 641 855 704 habemus.

1092 820 1158 888 ‘§.
1199 816 1264 876 7.

402 938 696 1002 Horatius
736 937 1032 1017 Athenis,
1086 963 1219 1022 quo
1269 942 1440 1004 haud
1482 944 1672 1007 dubie
1698 966 1754 1007 a.
1785 945 1860 1006 U.
1893 944 1963 1006 G.
1979 946 2128 1007 709.

230 1040 553 1123 profectus
607 1038 817 1100 fuerat
830 1082 850 1117 ,
920 1040 1273 1101 studiorum
1333 1062 1551 1104 caussa
1594 1051 2016 1105 commoratus
2028 1087 2048 1121 ,
2093 1064 2130 1105 a

230 1141 443 1201 Marco
486 1139 686 1200 Bruto
729 1139 812 1199 ad
853 1158 1026 1200 arma
1066 1147 1322 1203 vocatus
1375 1124 1469 1202 est
1510 1149 1609 1220 et,
1663 1149 1735 1203 ut
1774 1144 1909 1224 ipse
1951 1143 2130 1203 Libr.

228 1237 312 1298 II.
356 1238 558 1320 Epist.
591 1241 653 1299 2.
696 1259 760 1301 v.
787 1239 893 1299 47.
950 1239 1071 1316 ait,
1140 1260 1178 1300 a
1231 1242 1384 1302 belli
1427 1241 1627 1303 civilis
1670 1249 1848 1302 aestu
1890 1243 2130 1303 ablatus

225 1357 476 1421 pugnae
533 1339 616 1398 ad
655 1338 979 1419 Philippos
1034 1338 1321 1400 interfuit
1376 1341 1665 1401 tribunus
1708 1341 1977 1401 militum
1990 1385 2011 1418 ,
2067 1346 2130 1400 et

226 1459 344 1519 pro
387 1436 626 1518 patriae
666 1438 954 1498 libertate
1011 1445 1230 1499 contra
1271 1440 1359 1499 M.
1401 1439 1751 1500 Antonium
1794 1445 1859 1501 et
1903 1438 2130 1500 Caesa-

183 1537 185 1542 ’
226 1557 364 1598 rem
418 1535 839 1599 Octavianum
895 1539 1208 1620 pugnavit.
1296 1538 1515 1622 Pugna
1555 1539 1972 1620 Philippensis
2017 1539 2131 1598 ‹lu-

225 1636 379 1718 plex
435 1635 586 1696 fuit:
643 1636 774 1699 vid.
820 1636 1087 1698 Sueton.
1125 1635 1290 1719 Aug.
1337 1658 1391 1698 c.
1430 1639 1564 1715 13„
1608 1636 1838 1721 Vellej.
1883 1637 2127 1698 Patere.

224 1735 401 1796 Libr.
428 1734 512 1795 II.
558 1755 613 1795 c.
641 1738 746 1795 70.
846 1734 922 1794 In
979 1736 1191 1816 priore
1249 1737 1490 1817 praelio
1546 1742 1814 1817 utraque
1867 1757 2016 1817 pars
2063 1744 2130 1796 et

223 1835 376 1896 vicit
418 1840 480 1895 et
523 1834 692 1896 victa
734 1839 862 1910 est,
917 1840 991 1894 ut
1034 1835 1119 1895 ait
1159 1835 1282 1896 Dio
1329 1835 1578 1896 Cassius
1619 1834 1798 1895 Libr.
1837 1834 2127 1896 XLVIII.

172 2007 179 2017 ¹
226 1956 280 1995 c.
310 1935 416 1995 46.
512 1933 672 1994 Nam
731 1934 963 1995 Brutus
1019 1935 1222 1996 victor
1280 1933 1604 1996 Octaviani
1658 1940 1857 1995 castra
1924 1934 2124 2015 cepit;

226 2033 471 2094 Cassius
521 2053 678 2095 vero
737 2034 816 2093 ab
870 2033 1150 2095 Antonio
1207 2034 1452 2118 fugatus
1507 2040 1570 2094 et
1626 2035 1841 2094 castris
1896 2038 2125 2095 exutus

223 2133 292 2193 in
327 2132 778 2214 >>Philipporum
831 2134 1143 2195 tumulum
1200 2154 1269 2194 se
1312 2133 1552 2214 recepit
1607 2139 1668 2194 et
1712 2154 1797 2213 ex
1841 2153 1952 2193 sua
1993 2131 2125 2192 for-

224 2238 375 2292 tuna
409 2237 710 2294 eventum
738 2233 1013 2316 collegae
1057 2233 1394 2294 aestimans
1423 2239 1610 2314 atque
1652 2232 1887 2294 infelici
1909 2252 2125 2293 errore

226 2332 479 2391 delusus
521 2331 776 2392 lacerna
819 2337 1010 2413 caput
1050 2333 1459 2394 circumdedit
1499 2339 1946 2413 extentamque
1984 2351 2125 2392 cer·-

226 2430 436 2498 vicem
492 2429 768 2491 Pindaro
824 2431 1052 2492 liberto
1116 2431 1434 2513 praebuit:
1499 2431 1627 2493 vid.
1683 2431 2000 2491 Plutarch.
2054 2430 2124 2491 in

224 2530 401 2590 Brut.
447 2549 502 2590 c.
530 2530 636 2591 43.
679 2530 909 2590 Brutus
954 2531 1194 2592 bellum
1238 2552 1383 2592 cum
1424 2551 1650 2615 magno
1692 2531 1966 2592 hostium
2009 2532 2123 2592 de-

223 2629 515 2690 trimento
575 2650 692 2710 per
746 2630 967 2712 viginti
1022 2632 1155 2692 dies
1198 2632 1464 2709 ducens,
1530 2632 1784 2692 tandem
1826 2651 1864 2692 a
1903 2631 2124 2692 militi-

224 2729 343 2788 bus
388 2735 636 2790 coactus
679 2729 912 2790 iterum
956 2729 1240 2792 conflixit
1293 2737 1390 2807 et,
1445 2729 1627 2813 fugae
1668 2731 1846 2791 initio
1892 2750 1930 2790 a
1973 2731 2122 2791 Cas-

225 2827 412 2889 sianis
454 2827 618 2889 facto
635 2873 655 2906 ,
701 2830 833 2890 acie
876 2831 1080 2892 victus
1122 2836 1248 2901 est:
1306 2830 1436 2896 vid.
1468 2810 1787 2890 Plutarch.
1829 2829 1899 2890 in
1941 2831 2120 2892 Brut.

171 2950 174 2956 ¹
224 2947 280 2987 c.
310 2927 416 2988 44.
500 2927 622 2988 Dio
669 2928 838 2989 Cass·
881 2929 1058 2991 Libr.
1087 2930 1362 3006 XLVII,
1423 2950 1476 2993 c.
1509 2930 1613 2990 48.
1647 2949 1742 3011 sq.
1787 2935 1850 2989 et
1891 2929 2120 3011 Appia-

218 3030 342 3087 'nus
400 3027 473 3087 B.
522 3027 592 3089 G.
651 3026 832 3090 Libr.
860 3029 966 3091 IV.
1013 3050 1069 3094 ο.
1106 3030 1248 3092 123.
1294 3035 1356 3092 et
1401 3030 1542 3091 128.
1569 3050 1665 3110 sq.
1762 3026 1915 3090 Post
1955 3030 2120 3092 hanc

225 3282 582 3347 horrescerem,
629 3284 715 3334 sed
766 3286 875 3346 quia
919 3286 1249 3348 disputationis
1293 3305 1319 3336 a
1367 3287 1530 3335 multis
1580 3288 1678 3347 jam
1721 3287 1872 3336 lectae
1921 3294 1968 3336 et
2013 3288 2116 3336 sive

224 3357 448 3416 probatae
484 3358 586 3405 sive
619 3358 918 3419 impugnatae
955 3367 1163 3407 tenorem
1211 3361 1430 3408 nolebam
1465 3360 1823 3420 interrumpere.
1895 3359 2114 3420 Accedit,

222 3427 350 3488 quod
383 3429 474 3476 iste
511 3428 753 3477 dissensus
789 3428 848 3477 de
884 3447 1036 3492 anno,
1097 3449 1189 3491 quo
1238 3430 1327 3479 hoc
1362 3431 1546 3479 illudve
1592 3447 1780 3479 carmen
1815 3431 1874 3478 ab
1908 3429 2113 3478 Horatio

222 3501 532 3559 compositum
579 3501 672 3562 sit,
725 3517 819 3548 non
867 3502 1008 3550 nimis
1044 3518 1240 3563 mag-uus
1275 3510 1348 3551 est
1380 3518 1536 3564 neque
1570 3519 1676 3550 eam
1709 3501 1852 3550 habet
1883 3503 2004 3562 vim,
2060 3510 2115 3550 ut

218 3571 468 3618 constituta
515 3587 544 3618 a
590 3572 727 3621 nobis
779 3572 905 3623 vitae
952 3570 1194 3623 Varianae
1236 3576 1356 3624 ratio
1403 3582 1453 3624 et
1497 3590 1663 3629 cursus
1695 3589 1982 3637 magnopere
2014 3572 2115 3622 dis·

217 3641 447 3690 turbetur.
