2236 3932
693 173 796 216 me
842 170 1062 217 cassu)
1108 169 1475 217 nami-:msi-
1929 147 2055 209 279

149 311 230 375 N.
262 312 471 374 l2.1.et
511 328 701 391 quam
743 327 934 389 saepe
975 308 1081 371 illa
1124 306 1447 387 Synizesis
1490 314 1605 385 per
1647 301 2052 370 librariorum

148 411 464 474 inscitiam
520 410 726 471 deleta
781 408 893 483 sit,
963 408 1173 469 docuit
1225 407 1340 467 Ph.
1385 404 1737 488 WVagnerus
1787 402 1868 462 ad
1911 402 2053 463 Vir-

150 512 284 594 gilii
324 511 481 574 Aen.
523 506 787 570 Libr.'I.
830 527 894 568 v.
922 508 984 567 2.
1029 513 1092 567 et
1134 506 1247 567 VI.
1289 526 1352 569 v.
1381 505 1484 567 33.
1569 503 1750 565 Idem
1780 503 2051 583 probant

150 611 418 675 Codices
487 606 778 669 Suetonii
793 650 816 680 ,
898 627 1169 687 quorum
1236 605 1340 667 alii
1402 601 1831 682 charangium
1845 645 1867 676 ,
1944 602 2052 662 alii

146 709 553 786 chor-augum
618 705 873 766 habeut.
989 705 1471 786 Oudendorpius
1487 748 1508 781 ‚
1594 702 1713 764 hac
1775 701 2050 762 lectione

146 808 523 889 approbata,
594 825 815 868 veram
883 825 1023 866 esse
1091 805 1416 865 existimat
1472 799 1894 885 conjecturam
1948 798 2052 861 1ιί-

146 917 435 967 strorum
475 905 599 966 hoc
639 925 857 966 sensu:
919 925 1119 984 quum
1159 905 1438 984 primum
1478 922 1698 964 mensa
1738 901 1808 962 in
1850 922 2050 962 unum

143 1005 349 1088 coegit
406 1005 772 1088 choragimn
825 1003 1285 1065 histrionicmn.
1383 1005 1470 1064 At
1524 1023 1642 1085 ego
1685 1000 1941 1082 quidem
1983 1021 2046 1062 v.

136 1103 418 1178 istorum
460 1104 858 1165 sanissimmn
899 1105 1083 1166 duco.
1171 1102 1518 1164 Suetonius
1562 1102 1732 1166 enim
1773 1122 1906 1162 non
1946 1100 2047 1160 in-

133 1210 392 1287 tegrum
435 1223 690 1265 carmen
734 1203 1095 1283 adscripsit,
1140 1203 1255 1263 sed
1295 1207 1544 1285 partem
1587 1206 1832 1262 tantum
1873 1220 2049 1271 eam-3

138 1323 270 1384 que
323 1309 732 1384 postremam.
844 1302 1026 1366 Haud
1086 1302 1276 1362 dubie
1333 1300 1603 1382 scriptor
1668 1301 1846 1363 istius
1909 1300 2046 1381 epi-

143 1403 507 1485 grammatis
565 1402 802 1483 pariter
855 1422 930 1462 ac
987 1400 1075 1462 Μ.
1133 1400 1447 1461 Antonius
1504 1399 1574 1459 in
1630 1386 1912 1481 epistolis
1966 1401 2048 1461 ad

128 1502 560 1577 ssctavianum
613 1501 910 1578 convivas
954 1500 1231 1582 singulos
1286 1505 1797 1575 enumeraverat,
1859 1498 1924 1558 h.
1978 1519 2036 1560 e.

124 1601 532 1683 ⁴singulorum
600 1600 862 1661 nomina
934 1600 1022 1660 ita
1092 1604 1565 1675 numeraverat,
1644 1604 1722 1668 ut
1789 1599 2042 1661 nullum

7 1692 11 1699 ’
121 1701 567 1777 omittet-emt,
640 1719 880 1780 eosque
935 1700 1165 1760 acerbe
1206 1699 1684 1780 perstrinxerat.
1785 1697 1915 1762 Eos
1958 1699 2043 1761 si·-

121 1800 329 1861 lentio
386 1798 635 1877 transiit
688 1798 1037 1861 Suetonius
1096 1799 1232 1862 sive
1285 1799 1613 1875 brevitatis
1658 1798 1863 1862 studio
1907 1797 2041 1860 sive

131 1900 275 1960 aliis
316 1900 634 1960 nescimus
676 1899 910 1979 quihus
953 1899 1184 1964 caussis
1226 1900 1556 1961 adductus».
1642 1897 1874 1979 Itaque
1892 1917 2041 1959 cum

122 1999 483 2076 retulisset,
552 1999 950 2082 singulorum
1006 2000 1410 2062 convivarum
1465 1998 1725 2063 nomina
1779 1998 1861 2058 ab
1903 1997 2039 2059 An-

121 2099 305 2174 tonio
351 2098 751 2160 amarissime
818 2106 1188 2176 enumerata
1244 2098 1439 2160 fuisse
1454 2143 1473 2176 ,
1549 2097 1814 2162 attexuit
1879 2098 2039 2162 illud

117 2218 390 2260 carmen
430 2196 742 2280 principio
786 2218 860 2261 ac
902 2200 1080 2262 velut
1123 2198 1323 2280 capite
1365 2199 1840 2276 detruncatum,
1889 2218 2037 2279 per-

129 2298 456 2379 rexitque:
522 2298 739 2378 Quum
774 2298 1066 2381 primum
1104 2298 1381 2359 istorwm
1396 2330 1439 2373 ,·
1466 2318 1554 2360 sc.
1600 2298 2033 2362 convivarum.

129 2396 244 2459 Est
296 2405 508 2459 autem
559 2400 916 2461 conducere
972 2398 1037 2459 h.
1083 2399 1127 2458 l.
1169 2398 1240 2458 in
1281 2419 1483 2458 uuum
1526 2399 1755 2460 ducere
1798 2398 2030 2476 locum,

128 2516 392 2580 cogere,
435 2495 647 2557 facere
688 2502 758 2556 ut
802 2498 1214 2575 conveniant,
1273 2495 1566 2580 adjuncta
1607 2505 1824 2561 tamen
1865 2518 2033 2562 mer-
2133 2560 2135 2562 ,

125 2596 334 2673 cedis,
430 2595 803 2657 conditionis
885 2597 1322 2680 pactionisque
1404 2595 1670 2681 alicujus
1748 2599 2027 2676 notione,

123 2715 319 2777 quam
359 2693 508 2756 huic
550 2696 750 2757 verbo
793 2716 1048 2779 semper
1087 2697 1299 2759 inesse
1341 2697 1507 2760 bene
1550 2700 1840 2762 observat
1863 2698 2029 2760 Her-

115 2816 265 2879 zog.
307 2796 391 2856 ad
428 2793 583 2857 Julii
627 2794 805 2857 Caes·
851 2797 931 2858 de
956 2797 1031 2858 B.
1069 2796 1148 2859 G.
1193 2795 1371 2859 Libr.
1397 2796 1484 2859 Π.
1530 2818 1586 2860 c.
1619 2799 1677 2860 l.
1735 2797 1859 2861 ,Sic
1889 2798 1952 2859 h.
1982 2798 2025 2859 l.

113 2895 358 2957 dicitur
391 2916 623 2956 mma
666 2895 711 2955 i.
751 2916 810 2956 e.
872 2917 1070 2959 coena
1128 2898 1207 2958 ab
1254 2896 1594 2960 Octaviano
1637 2898 1916 2959 instituta
1957 2904 2026 2961 et

112 2994 303 3075 quasi
353 2994 476 3055 illis
529 2994 843 3076 promissa
902 2997 1282 3059 conduxisse
1320 2997 1697 3080 choragium
1738 2998 2022 3060 istorum.

117 3094 324 3174 Atque
380 3095 693 3175 exquisite
745 3095 907 3156 mihi
953 3097 1214 3158 ‘videtur
1260 3096 1566 3179 scriptum
1607 3116 1746 3160 esse
1788 3098 2024 3173 chora·

114 3191 303 3271 gisam
340 3192 618 3255 t‘aetomm
660 3216 779 3276 pro
819 3196 1094 3277 simplici
1136 3195 1330 3275 istos,
1373 3198 1540 3280 quia
1579 3197 1887 3275 ¹convivae
1928 3196 2020 3262 illi

118 3292 201 3352 ad
241 3311 510 3354 coenam
550 3294 817 3355 adhibiti
859 3302 1001 3356 sunt
1040 3295 1241 3357 induti
1278 3298 1532 3360 scenico
1563 3298 1826 3358 deorum
1868 3297 2022 3361 ‹leae-

117 3410 392 3472 rumque
432 3392 685 3470 habitu,
752 3415 882 3475 quo
926 3393 1191 3458 fortasse
1235 3415 1551 3479 quemque
1609 3396 2019 3481 convivarum

115 3490 525 3553 instruxisset
565 3491 796 3575 hospes
849 3491 1248 3560 Octavianus.
1327 3497 1466 3559 ¹Hac
1507 3496 2017 3579 interpretatione

112 3610 251 3653 non
306 3592 498 3654 modo
552 3592 696 3675 plus
747 3593 1103 3657 acerbitatis
1142 3616 1219 3659 ac
1261 3595 1675 3661 cavillationis
1716 3595 1834 3658 toti
1867 3596 2018 3660 ‘loco
