2236 3932
243 114 368 175 314
839 140 918 178 DE
963 138 1187 178 GAsslo
1228 135 1588 178 rARMENsr.

243 274 601 355 permoveri
613 318 636 349 ,
702 280 771 332 ut
829 293 906 332 eo
948 271 1262 331 lubentius
1302 271 1536 333 Poetae
1554 294 1557 298 ·
1578 274 1657 333 ad
1702 293 1964 335 coenam
2005 295 2123 337 vo-

246 373 406 432 canti
448 373 920 452 obsequeretur.
1007 370 1264 430 Adeone
1306 371 1634 433 Horatium
1664 372 2008 453 ineptiisse,
2052 381 2123 434 ut

240 471 545 532 Manlium
601 471 999 550 Torquatum
1053 472 1387 550 quemdam
1401 517 1420 551 ,
1499 472 1870 532 acerrimum
1926 473 2123 554 partis

243 570 648 632 Caesarianae
706 569 1131 631 adversarium
1146 613 1165 645 ‚
1233 569 1391 630 facta
1449 572 1573 632 diei
1613 570 1834 631 natalis
1851 616 1871 648 ‚
1931 593 2122 652 quem

242 671 387 750 quis
447 669 784 729 Caesarum
842 688 978 728 cras
1051 667 1496 730 celebraturus
1532 677 1726 747 esset,
1799 672 2127 732 mentione

240 771 324 830 ad
384 788 649 829 coenam
716 787 930 827 secum
1002 766 1441 828 celebrandam
1494 766 1832 831 invitaret?
1904 771 1987 830 At
2045 772 2124 831 de

240 868 294 927 N
295 868 440 928 onio
484 867 832 946 Asprenate
845 910 868 940 ,
913 886 1104 947 quem
1160 866 1480 949 Torquati
1517 870 1847 950 agnomine
1891 869 2125 930 dictum

242 987 377 1028 esse
432 965 721 1026 familiari
779 985 1066 1026 sermone
1122 967 1390 1028 vidimus
1408 1013 1424 1041 ‚
1498 967 1550 1027 si
1593 970 1760 1057 apud
1801 969 2124 1029 Horatium

241 1067 581 1149 cogitamus
599 1109 618 1142 ,
663 1065 922 1145 planum
962 1063 1064 1142 fit,
1109 1085 1316 1146 neque
1358 1066 1749 1126 blandiorem
1783 1068 1890 1127 illa
1918 1087 2124 1148 neque

235 1165 570 1226 fortiorem
623 1165 899 1245 potuisse
959 1166 1306 1248 excogitari
1349 1185 1386 1225 a
1426 1165 1618 1226 Poeta
1671 1166 2125 1242 invitationem,

182 1286 190 1299 *
236 1266 603 1345 praesertim
648 1264 702 1324 si
744 1283 995 1324 mecum
1038 1265 1363 1343 statueris,
1428 1265 1772 1326 Gaesarem
1810 1266 1874 1324 h.
1901 1267 1944 1325 l.
1989 1285 2127 1326 esse

236 1365 445 1445 ipsum
500 1362 869 1447 Augustum.
967 1363 1060 1424 Ea
1118 1371 1330 1425 autem
1385 1365 1467 1424 de
1506 1384 1578 1424 re
1620 1364 1898 1425 nonme
1940 1384 2127 1445 prae-

237 1464 388 1524 terit
427 1464 493 1524 in
536 1484 726 1544 quam
756 1463 1027 1525 diversas
1069 1470 1277 1545 partes
1321 1464 1547 1524 abeant
1570 1463 1866 1525 Virorum
1891 1465 2128 1525 Docto-

235 1584 383 1623 rum
425 1563 785 1624 sententiae.

406 1689 572 1751 Sunt
626 1689 738 1770 qui
795 1689 1073 1750 referant
1113 1690 1179 1751 h.
1220 1693 1263 1752 l.
1318 1693 1394 1751 ad
1438 1679 1805 1751 alterutrum
1850 1691 2127 1752 Caesaris

233 1791 498 1875 Augusti
565 1795 868 1871 nepotum
881 1833 900 1865 ,
981 1789 1222 1867 Gajum
1285 1798 1346 1852 et
1418 1789 1696 1851 Luciam
1761 1792 2122 1867 Caesarem,

231 1891 319 1952 M.
375 1889 689 1975 Agrippae
748 1895 810 1950 et
862 1888 1065 1950 Juliae
1124 1888 1305 1950 filios·
1391 1890 1461 1948 P.
1505 1890 1825 1950 Rodellius
1880 1889 2127 1950 intelle-

232 1997 404 2053 ctum
445 1990 646 2053 voluit
694 1988 935 2068 Gajum
979 1987 1341 2066 Caesarem,
1387 1990 1685 2070 quoniam
1708 1988 1874 2050 JuIia
1889 2031 1908 2065 ,
1952 1988 2127 2070 prius

231 2091 536 2152 Marcello
563 2094 809 2170 nupta,
864 2088 930 2147 in
972 2089 1443 2149 matrimonium
1487 2090 1630 2149 data
1670 2087 1862 2148 fuerit
1904 2086 2128 2170 Agrip-

231 2210 352 2274 pae
396 2211 450 2251 a.
477 2191 550 2250 U.
584 2187 647 2248 G.
680 2188 861 2264 733„
905 2193 1066 2249 teste
1110 2188 1311 2248 Dione
1357 2188 1524 2249 CasS.
1569 2187 1745 2247 Libr.
1775 2186 1935 2247 LIV.
1982 2206 2035 2246 c.
2064 2187 2125 2246 6.

233 2290 376 2352 Jam
436 2310 578 2351 cum
647 2287 803 2348 haec
872 2288 952 2348 ad
1023 2286 1414 2369 Torquatum
1487 2285 1768 2368 Epistola
1820 2284 2127 2345 Rodellio

232 2390 457 2470 scripta
498 2389 788 2451 videatur
830 2407 885 2447 a.
927 2386 1001 2447 U.
1051 2386 1120 2448 C.
1168 2387 1314 2447 734.
1334 2432 1353 2465 ‚
1430 2386 1811 2468 suspicatur,
1889 2384 2128 2462 Gajum

229 2485 450 2570 utpote
507 2495 658 2547 natu
708 2483 1014 2569 majorem
1055 2487 1163 2547 illo
1207 2506 1373 2547 anno
1416 2487 1484 2546 in
1526 2487 1691 2548 vitae
1734 2485 1944 2544 lucem
1989 2483 2127 2543 edi-

229 2595 368 2650 tum
412 2585 676 2670 ejusque
720 2587 888 2648 diem
929 2587 1200 2647 natalem
1243 2587 1375 2648 sive
1402 2583 1536 2667 ejus
1563 2584 1853 2644 natalicia
1881 2582 2128 2663 publice

231 2688 550 2750 celebrata
610 2706 767 2748 esse.
867 2685 1072 2767 Atque
1129 2683 1263 2769 ejus
1304 2685 1397 2747 rei
1439 2684 1615 2746 testis
1657 2689 1749 2744 est
1792 2683 1912 2743 Dio
1958 2681 2126 2742 Cass.

231 2786 412 2849 Libr.
460 2785 628 2846 LIV.
688 2806 742 2846 c.
791 2787 886 2847 8.:
955 2788 1048 2845 καὶ
1093 2783 1126 2864 ἦ
1171 2785 1348 2843 ’Iastia
1393 2785 1488 2842 τὸν
1523 2785 1697 2842 Γάϊον
1745 2780 2130 2855 ὀνομασθέντα

237 2881 419 2939 ἔτεκε·
481 2879 732 2953 βεθυσία
777 2882 839 2938 τέ
887 2902 971 2948 τις
1021 2885 1139 2948 τοῖς
1187 2880 1493 2954 γενεθλίοις
1544 2875 1682 2935 αὖτε-’ἑ
1718 2874 1898 2943 ἀΐδιος
1934 2877 2127 2950 ἐδόθη,

237 2970 332 3025 καὶ
365 2971 497 3024 τῦτο
533 2967 633 3038 μὲν
671 2966 730 3022 ἐκ
765 2966 1157 3043 ψηφίσματος,
1197 2965 1388 3039 ὥσπερ
1423 2986 1506 3022 πει
1541 2965 1634 3020 καὶ
1667 2958 1866 3027 τὸἷλλα,
1906 2962 2126 3035 ἐγένετο.

232 3058 391 3120 Eam
453 3056 828 3118 sententiam
881 3057 937 3117 si
993 3057 1461 3138 amplectimur,
1524 3055 1720 3117 verba
1761 3062 1923 3112 nato
1968 3054 2130 3114 Cae-

218 3182 297 3220 sa
316 3179 388 3219 re
445 3156 817 3238 explicanda
871 3163 1049 3217 sunt:
1136 3158 1219 3218 ob
1278 3162 1498 3217 natum
1541 3153 1869 3215 Caesarem
1931 3149 2128 3212 festus

219 3260 351 3319 dies
421 3257 696 3318 indictus
765 3261 857 3317 est
925 3257 1235 3338 nobisque
1309 3258 1416 3317 dat
1484 3254 1737 3318 veniam
1809 3272 2131 3314 somnum-
2221 3320 2229 3323 ,

217 3379 341 3439 que
354 3403 374 3434 ‚
465 3362 536 3417 ut
598 3356 862 3444 impune
929 3355 1111 3416 liceat
1169 3375 1461 3417 sermone
1532 3353 1809 3436 benigno
1880 3356 2131 3412 noctem

220 3458 516 3519 tendere.
630 3455 773 3518 Non
824 3453 1016 3538 igitur
1072 3462 1209 3516 era-t
1262 3457 1434 3537 quod
1490 3453 1817 3516 Massonus
1878 3450 1948 3510 in
2001 3447 2129 3507 Vit.

220 3556 438 3619 Horat.
510 3578 574 3639 p.
640 3556 790 3619 208»
871 3554 1110 3617 rideret
1166 3555 1525 3618 Rodellium
1596 3553 1773 3616 velut
1846 3547 2130 3612 divinan-
