2236 3932
692 149 774 190 on
819 151 879 192 ι.
921 147 1130 196 vAiuo
1176 148 1416 190 roErA.
1910 127 1989 190 41

97 289 305 351 amico
358 292 422 349 et
476 285 647 368 apud
698 283 1129 347 Maecenatem
1181 283 1546 347 convictore
1560 329 1582 363 ‚
1640 305 1785 351 eam
1825 305 1998 347 com·

98 386 467 451 mimicavit:
508 391 776 465 uterque
807 405 950 446 eam
983 376 1353 467 probarunt.
1408 385 1546 445 Hoc
1568 385 1706 466 ipso
1739 385 1999 446 demum

98 494 388 568 tempore
429 491 564 547 orta
586 485 763 544 mihi
803 486 1056 546 videtur
1094 483 1339 544 Horatii
1388 505 1536 546 cum
1577 483 1770 546 Vario
1810 483 2000 544 fami-

99 587 361 662 liaritas,
401 585 449 645 i.
476 603 536 646 e.
578 602 636 644 a.
667 584 744 644 U.
773 582 844 644 C.
876 585 1023 645 714.
1038 628 1060 662 ,
1102 604 1235 665 quo
1277 592 1441 645 anno
1471 582 1700 645 Varius
1745 584 1998 645 circiter

100 685 507 768 quadraginta
564 703 765 744 annos
820 690 1007 745 natus
1061 683 1215 762 fuit,
1271 683 1570 767 Virgilius
1628 689 1842 744 autem
1883 703 1999 744 an-

97 806 255 846 num
311 779 551 845 aetatis?
593 783 719 866 egit
777 783 1171 864 trigesimum
1235 783 1512 864 primum
1559 789 1646 845 -et
1703 782 2000 844 Horatius

98 885 386 946 nondmn
441 883 727 964 quinque
781 889 1111 966 peregerat
1163 883 1378 943 lustra.
1462 882 1683 964 Neque
1731 883 1922 943 etiam
1963 903 2002 943 a

97 1003 250 1046 vero
311 983 637 1060 abhorret,
712 983 886 1043 idem
940 1002 1224 1059 carmen,
1305 970 1630 1043 Luciliana
1698 983 2003 1064 scriptum

97 1082 465 1160 festivitate,
508 1083 592 1143 ad
633 1081 1066 1143 Maecenatem
1106 1101 1244 1142 esse
1286 1082 1601 1163 perlatum
1642 1101 1681 1142 a
1712 1081 2000 1165 Virgilio,

96 1190 169 1243 ut
223 1182 536 1243 nascentis
591 1188 823 1263 poetae
875 1180 1183 1242 Venusini
1255 1180 1482 1260 suique
1556 1181 1743 1243 amici
1811 1182 2005 1243 rebus

99 1303 295 1364 quam
349 1282 625 1364 primum
679 1281 1054 1342 consuleret.
1103 1314 1106 1320 ·
1152 1278 1254 1339 Ita
1307 1279 1599 1341 Horatius
1655 1277 2006 1342 Maecenati

98 1383 378 1464 primum
442 1380 719 1441 innotuit
752 1385 964 1460 ‘poeta
978 1423 999 1456 ,
1070 1398 1312 1441 novum
1382 1379 1739 1440 carminum
1807 1400 2007 1462 genus

100 1502 367 1545 exorsus
406 1486 475 1541 et
513 1481 585 1539 in
624 1478 818 1540 vitam
857 1477 1074 1539 veluti·
1093 1493 1420 1541 revocans.
1519 1476 1605 1537 At
1644 1490 1846 1558 quum
1885 1479 2006 1540 ista

98 1586 271 1642 aetas
305 1577 625 1638 Luciliani
666 1577 815 1655 styli
862 1577 1193 1659 impatiens
1253 1581 1419 1639 esset
1433 1619 1455 1654 ,
1510 1597 1646 1637 non
1690 1583 1790 1639 est
1832 1579 2007 1659 quod

96 1680 439 1757 miremur,
509 1678 564 1738 si
617 1673 811 1760 hujus
856 1677 1106 1760 generis
1150 1694 1407 1738 carmen
1422 1721 1442 1755 ,
1492 1677 1795 1758 quamvis
1836 1677 2010 1738 festi-

97 1800 251 1842 vum
291 1798 412 1840 nec
452 1778 639 1840 valde
681 1777 959 1837 mordax
977 1821 997 1855 ,
1041 1776 1393 1838 Maecenati
1444 1792 1580 1837 non
1621 1785 2008 1860 magnopere

97 1879 438 1963 placuerit,
508 1895 720 1957 neque
776 1877 946 1957 apud
1003 1891 1150 1937 eum
1191 1876 1508 1938 laudando
1554 1877 2010 1938 commendan-

99 1980 314 2060 doque
355 1977 559 2039 amico
599 1977 954 2058 quidquam
994 1975 1339 2057 profecerit
1378 1975 1678 2060 Virgilius
1691 2021 1712 2055 ‚
1757 1976 1894 2060 ipse
1936 1977 2008 2038 in

100 2079 270 2140 illius
311 2077 615 2160 principis
658 2077 854 2160 gratia
895 2077 1196 2138 novitius.

274 2178 438 2240 Cum
477 2183 695 2238 autem
733 2177 941 2258 prima
981 2176 1090 2237 illa
1115 2175 1326 2238 Satira
1367 2176 1607 2258 publici
1647 2174 1814 2237 facta
1854 2171 2012 2261 juris

101 2279 465 2341 incurrisset
503 2277 574 2338 in
614 2277 937 2338 nasutulas
981 2297 1127 2338 cum
1167 2276 1435 2338 aliorum
1463 2276 2010 2358 reprehensioneS,

100 2386 243 2439 tum
296 2378 587 2460 inprimis
643 2376 1060 2460 Hermogenis
1128 2376 1381 2460 Tigellii
1393 2420 1414 2454 ,
1487 2376 1764 2438 hominis
1830 2376 2012 2437 istius

103 2479 273 2560 apud
314 2476 352 2539 J
355 2478 555 2537 ulium
581 2475 937 2537 Caesarem*
952 2497 1161 2558 nuper
1200 2475 1636 2560 gratiosissimi
1652 2520 1672 2554 ‚
1716 2475 2012 2537 Horatius

102 2578 515 2641 vehementer
542 2577 954 2639 exacerbatus
996 2589 1116 2659 per
1159 2582 1538 2637 autumnum
1567 2592 1624 2636 a.
1657 2574 1733 2636 U.
1764 2573 1835 2636 G.
1861 2575 2011 2636 714.

104 2677 354 2759 scripsit
395 2675 670 2738 Satiram
709 2678 1059 2737 secundam
1071 2720 1094 2752 ‚
1137 2677 1208 2737 in
1249 2696 1374 2757 qua
1415 2676 1696 2758 primum
1740 2676 1821 2736 (le
1846 2674 2011 2736 Her-

102 2776 390 2861 mogenis
434 2776 686 2860 ‚Tigellii
727 2784 936 2839 morte
994 2798 1154 2847 cum,
1183 2778 1410 2838 acerba
1452 2776 1746 2838 irrisione
1792 2774 2012 2836 exsul-

103 2878 291 2954 tavit,
348 2877 576 2938 deinde
630 2876 699 2938 in
751 2878 1123 2959 depravatos
1177 2877 1538 2957 aequalium
1585 2895 1798 2937 mores
1814 2918 1834 2952 ,
1908 2874 2012 2934 in-

103 2977 326 3059 primis
368 2977 679 3038 nobilimn
720 2977 1008 3040 virorum
1049 2975 1381 3038 mollitiem
1423 2986 1489 3037 et
1531 2976 1835 3037 adulteria
1877 2979 2011 3034 tam

103 3068 333 3137 acriter
374 3097 448 3139 ac
488 3077 688 3138 libere
730 3077 1016 3139 invectus
1060 3082 1192 3156 est,
1234 3081 1306 3137 ut
1346 3075 1691 3137 nonnullos
1726 3067 2009 3134 Caesaris

108 3174 439 3237 Octaviani
482 3178 718 3238 amicos
760 3185 935 3238 recto
952 3221 973 3255 ,
1017 3177 1356 3259 ipsumque
1385 3175 1818 3237 Maecenatem
1858 3171 2007 3234 ficto

249 3450 344 3508 33)
380 3438 708 3499 Maecenatem
744 3448 934 3500 nomine
964 3444 1220 3499 Malcbim'
1254 3445 1312 3498 ab
1340 3445 1545 3498 Horatio
1578 3452 1700 3495 tecte
1731 3444 2009 3507 perstringi,
2070 3508 2074 3510 ῃ

106 3520 346 3581 copiosius
393 3522 594 3582 probare
647 3521 807 3570 studui
854 3522 904 3570 in
934 3518 1341 3572 commentatione
1377 3518 1440 3570 cla
1480 3515 1680 3571 Iao-bita
1719 3516 2008 3582 Timagenis

108 3590 404 3642 aemulatore
440 3589 484 3659 §-
512 3600 561 3645 7.
601 3610 652 3657 p.
675 3583 923 3657 423‘.⁸qq.
