2236 3932
238 131 365 193 236
835 149 918 190 DE
964 150 1190 191 cAss1o
1230 150 1595 194 mammem.

232 283 640 365 conqueritur
695 283 872 344 Libr.
929 281 1011 342 II.
1083 283 1261 365 Eleg.
1304 285 1368 344 4.
1427 284 1646 364 ibique
1664 368 1676 370 =
1704 307 1768 348 V.
1811 288 1874 347 6.
1932 307 2135 348 saeva

227 384 449 465 puella
505 390 572 444 et
624 383 801 464 Eleg.
850 383 911 442 6.
967 403 1030 443 V.
1075 383 1178 441 28.
1249 383 1422 442 dura
1467 386 1700 464 puella
1766 386 2132 467 appellatur.

230 482 519 563 Denique
572 479 972 541 miserabiles
1029 481 1161 557 eleg
1126 503 1188 539 ι
1198 525 1221 554 ,
1286 503 1444 561 quos
1502 482 1796 544 Horatius
1857 505 2136 545 comme-

229 587 467 658 morat,
514 580 712 660 accipi
753 584 1020 658 possunt
1062 580 1140 638 de
1183 579 1366 640 Libri
1398 581 1482 640 ΙΙ.
1526 581 1760 664 Elegiis
1791 583 1852 642 3.
1886 584 1947 643 4.
1979 590 2043 643 et
2073 586 2138 645 6.

230 679 563 740 Praeterea
616 677 952 737 Passovius
1009 698 1262 758 quoque
1318 680 1567 757 statuit,
1621 681 1964 761 Epistolam
2005 705 2137 751 non

227 779 424 838 multo
466 782 614 858 post
657 774 862 836 Odam
903 777 1083 838 illam
1124 778 1202 837 ab
1246 777 1502 840 Horatio
1547 782 1628 884 ad
1656 781 1983 843 Tibullum
2022 783 2135 843 da-

227 882 359 936 tam
403 895 540 936 esse
552 874 650 955 7)

373 1079 461 1131 27)
509 1071 731 1131 Bauerus
768 1076 817 1122 in
861 1072 1064 1124 Praefat.
1104 1075 1163 1123 ad
1204 1076 1389 1125 Tibull.
1436 1093 1486 1138 p.
1506 1074 1653 1127 Vlll.
1690 1095 1794 1140 sqq.
1833 1081 1947 1128 inita
1984 1079 2134 1128 subti-

229 1131 352 1193 liore
390 1154 656 1204 temporum
700 1163 1022 1207 annorumque
1058 1149 1239 1195 ratione
1276 1150 1494 1196 evincere
1529 1150 1713 1209 studet,
1753 1149 1953 1199 Deliam
1989 1169 2015 1198 a
2049 1149 2135 1198 Ti·
2205 1150 2209 1154 ’

222 1215 355 1264 bullo
402 1225 606 1263 amatam
655 1234 763 1264 esse
812 1234 897 1278 per
944 1234 1090 1265 annos
1136 1217 1196 1266 U.
1239 1216 1295 1266 G.
1337 1225 1662 1270 723—726.
1714 1239 1767 1268 ac
1804 1221 2030 1270 Nemesin
2075 1222 2134 1268 ab

223 1303 346 1334 anno
371 1291 495 1335 733.
525 1303 676 1347 usque
711 1288 770 1336 ad
805 1306 979 1336 annum
1005 1291 1126 1338 735.
1202 1289 1345 1351 Quod
1380 1292 1676 1350 interiectum
1711 1293 1814 1340 illis
1849 1295 1989 1340 annis
2007 1301 2135 1342 esset

226 1359 454 1419 temporis
493 1361 723 1419 spatium,
769 1378 861 1407 non
898 1377 1095 1408 vacuum
1130 1363 1375 1409 amoribus
1411 1362 1562 1410 fuisse
1598 1362 1711 1410 dicit
1747 1366 1885 1424 eique
1923 1366 2135 1411 attribuit

224 1446 274 1491 p.
314 1427 387 1477 X.
436 1446 645 1476 amorem
684 1430 927 1479 Neaerae.
1017 1431 1094 1480 De
1141 1436 1274 1492 cujus
1321 1432 1417 1480 fide
1464 1443 1511 1481 et
1559 1451 1719 1482 amore
1769 1453 1874 1482 cum
1910 1433 2133 1483 Tibullus

222 1502 348 1550 inter
383 1517 517 1561 spem
555 1511 827 1563 metumque
859 1519 1118 1564 suspensus
1155 1505 1419 1552 moestitiae
1454 1521 1507 1552 se
1543 1504 1705 1567 daret,
1744 1506 1806 1554 ad
1835 1523 1942 1554 eum
1971 1503 2134 1555 Baue-

222 1589 308 1620 rus
334 1574 479 1632 putat
514 1574 706 1620 missam
744 1591 851 1622 esse
899 1576 957 1622 ab
994 1573 1197 1623 Horatio
1236 1574 1499 1636 Epistolam
1535 1577 1686 1624 illam.
1773 1576 1855 1626 Sic
1901 1580 2049 1639 igitur
2085 1579 2132 1626 ei

221 1642 283 1691 de
321 1653 559 1704 tempore,
602 1663 694 1706 quo
731 1646 815 1692 illa
851 1647 1021 1707 scripta
1060 1648 1154 1708 sit,
1177 1665 1300 1694 cum
1329 1645 1540 1708 Spolinio
1577 1651 1808 1696 convenit.
1882 1648 1968 1696 Ad
2004 1649 2132 1721 idem

222 1703 346 1763 illud
382 1717 607 1776 temporis
644 1717 945 1764 intervallum
986 1718 1127 1764 refert
1166 1717 1380 1765 Bauerus
1415 1735 1621 1767 amorem
1664 1719 1936 1784 Glycerxae
1990 1716 2132 1780 quam

221 1786 457 1834 diversam
493 1803 599 1835 esse
638 1797 800 1834 censet
835 1805 862 1834 3
895 1787 1074 1848 Delia,
1112 1788 1307 1837 Nemesi
1345 1799 1391 1837 et
1426 1789 1628 1838 Neaera.
1702 1788 1830 1855 Sed,
1869 1800 1922 1838 ut
1958 1791 2130 1852 dicam,

223 1858 350 1919 quod
386 1860 561 1918 sentio,
598 1860 856 1920 periculum
894 1869 996 1922 est,
1035 1878 1109 1920 ne,
1150 1862 1229 1908 ubi
1267 1863 1417 1921 poetis
1454 1863 1690 1910 veteribus
1726 1871 1794 1910 tot
1832 1863 2018 1922 puellas
2054 1879 2131 1911 re-

222 1946 336 1978 vera
386 1939 566 1977 amatas
603 1931 852 1988 tribueris,
908 1940 1022 1991 quot
1061 1933 1327 1993 puellarum
1364 1934 1554 1980 nomina
1590 1935 1637 1979 in
1676 1935 1958 1981 carminibus
1996 1935 2131 1982 cele·-

222 2001 357 2048 brata
394 2010 669 2063 occurrant,
718 2002 920 2050 ridiculo
955 2003 1097 2051 modo
1135 2005 1321 2051 fallaris
1358 2012 1606 2065 castosque
1641 2007 1928 2066 antiquitatis
1964 2015 2129 2066 poetas

221 2072 368 2121 facias
403 2071 619 2121 homines
657 2074 994 2134 propudiosos!
1065 2074 1232 2123 Nonne
1269 2076 1344 2122 illi
1380 2092 1489 2123 suas
1525 2085 1741 2136 poterant
1776 2075 1948 2124 habere
1985 2079 2131 2125 ratio-

220 2161 338 2204 nes,
387 2145 444 2191 ob
483 2161 599 2205 quas
636 2162 986 2206 nonnumquam
1022 2147 1101 2194 vel
1134 2146 1243 2194 ficta
1280 2148 1549 2207 puellarum
1582 2164 1772 2195 suarum
1810 2149 1995 2196 nomina
2039 2166 2129 2195 va-

220 2217 427 2277 riarent,
480 2224 552 2277 et,
594 2235 686 2277 quo
724 2217 894 2264 melius
930 2218 1161 2277 laterent,
1203 2219 1418 2280 neglecta
1457 2220 1545 2266 ista
1582 2221 1823 2266 nominum
1858 2227 2129 2280 permutan-
2176 2259 2188 2274 ,

220 2286 392 2334 dorum
430 2287 571 2350 lege,
622 2293 983 2348 permutarent?
1056 2287 1191 2337 Nihil
1227 2289 1478 2349 definiam,
1525 2292 1647 2338 sitne
1683 2289 1839 2338 Delia
1874 2291 1970 2338 alio
2007 2300 2128 2338 tem-

222 2376 340 2420 pore
392 2359 514 2406 dicta
551 2359 767 2408 Neaera.
859 2359 1024 2422 Ipsum
1070 2360 1298 2409 Neaerae
1348 2378 1553 2423 nomen,
1603 2365 1700 2422 J'am
1749 2379 1824 2424 ap.
1864 2360 2130 2410 Homerum

220 2428 409 2492 Odyss.
462 2428 597 2479 Libr.
646 2431 759 2480 ΧΙΙ.
808 2449 855 2480 V.
899 2438 1017 2482 133.
1070 2433 1292 2494 obvium,
1342 2433 1536 2494 gerebat
1584 2435 1724 2493 etiam
1771 2436 2002 2481 meretrix
2047 2451 2127 2495 ap.

222 2499 404 2550 Athen.
445 2499 558 2550 Lib.
598 2501 747 2552 Xlss.
786 2521 828 2551 c.
864 2509 947 2553 51.
984 2501 1124 2551 Τοιιι.
1152 2500 1221 2551 V.
1257 2522 1306 2565 p.
1338 2511 1455 2553 120.
1494 2501 1662 2553 Schw.
1738 2503 1882 2570 Quod
1918 2523 2031 2554 vero
2068 2504 2128 2552 ad

225 2564 486 2637 Glyceram
523 2576 714 2634 attinet,
750 2592 845 2623 non
882 2575 1044 2623 dubito
1080 2592 1274 2638 negare,
1314 2593 1537 2636 umquam
1574 2575 1716 2637 hujus
1752 2578 1955 2624 nominis
1988 2577 2130 2638 puel-

217 2645 316 2693 lam
355 2662 380 2692 3
411 2645 623 2705 Tibullo,
663 2647 818 2694 brevis
854 2649 959 2695 aevi
996 2646 1210 2710 homine,
1247 2648 1397 2695 fuisse
1435 2658 1652 2695 amatam.
1723 2646 1845 2695 Nam
1887 2647 2129 2712 Glycerae

218 2733 390 2765 nomen
439 2716 564 2777 apud
601 2716 807 2766 Graecos
856 2718 1079 2780 frequens
1128 2728 1226 2766 est:
1291 2727 1481 2767 anctore
1531 2716 1680 2766 Suida
1719 2714 1787 2767 Τ.
1825 2718 1868 2769 Ι.
1915 2738 1964 2780 p.
2003 2723 2124 2767 486.

221 2785 433 2850 Glycera
486 2782 660 2853 ἑταίρα
707 2807 783 2846 τις
816 2791 936 2850 fuit,
987 2789 1115 2837 haud
1151 2790 1294 2838 dubie
1327 2789 1432 2838 filia
1469 2786 1769 2839 Thalassidis
1816 2807 1894 2852 ap.
1941 2788 2125 2840 Athen.

180 2858 332 2909 vLib.
373 2857 520 2908 XIII.
575 2866 705 2909 cufi.
756 2859 893 2911 Τοιιι.
930 2859 1000 2910 V.
1054 2880 1102 2923 p.
1148 2868 1266 2912 118.
1319 2858 1522 2922 Schw.,
1587 2862 1844 2910 concubina
1893 2860 2125 2923 Harpali,

219 2940 371 2979 amata
408 2949 434 2979 a
468 2928 763 2979 Menandro:
800 2933 894 2979 vid.
936 2931 1166 2981 Meineke
1205 2933 1263 2980 ad
1295 2930 1550 2981 Menandri
1586 2932 1777 2995 Fragm.
1813 2951 1860 2993 p.
1900 2939 1985 2982 39.
2060 2932 2127 2982 Et

217 3005 289 3053 sic
329 3002 554 3065 Pausias,
599 3005 750 3065 pictor
788 3001 1080 3067 Sicyonius,
1135 3006 1308 3052 amavit
1345 3006 1393 3053 in
1442 3008 1632 3066 juventa
1673 3004 1934 3067 Glyceram
1969 3005 2127 3052 muni-

219 3076 372 3136 cipem
422 3092 590 3136 suam,
641 3077 946 3123 inventricem
994 3092 1304 3134 coronarum,
1360 3076 1674 3136 certandoque
1722 3074 1982 3124 imitatione
2019 3078 2126 3137 ejus

128 3199 131 3201 ,
220 3147 279 3202 ad
315 3148 749 3194 numerosissimam
785 3145 956 3194 florum
994 3150 1268 3195 varietatem
1304 3148 1532 3209 perduxit
1566 3149 1904 3209 artemjllam,
1942 3156 1994 3195 ut
2018 3164 2126 3194 nar-

218 3227 294 3265 rat
339 3216 521 3266 Plinius
568 3215 631 3265 N.
682 3216 749 3266 H.
797 3215 934 3264 Libr.
974 3217 1210 3267 XXXV.
1262 3236 1303 3267 c.
1346 3223 1427 3268 11.
1479 3219 1543 3270 cl.
1595 3217 1732 3267 Libr.
1780 3217 1933 3268 XXI.
1988 3235 2030 3266 c.
2071 3225 2121 3266 2.

217 3286 419 3336 Romani
450 3289 496 3336 id
535 3287 707 3336 nomen
739 3291 937 3336 mutuati
963 3290 1135 3338 blande
1171 3292 1470 3350 imponebant
1503 3291 1695 3351 puellis,
1734 3308 1850 3351 quas
1887 3291 2123 3338 amabant.

215 3357 325 3408 Jam
363 3378 467 3408 cum
504 3363 609 3421 ipse
646 3359 874 3409 Horatius
922 3362 1129 3420 puellam
1171 3361 1412 3425 Glycerae
1444 3364 1636 3410 nomine
1671 3370 1878 3422 amaret,
1925 3369 1978 3408 ut
2012 3377 2123 3409 con-

218 3439 312 3480 stat
348 3449 410 3480 ex
443 3431 584 3480 Libri
621 3430 660 3479 I.
712 3430 812 3480 Od.
852 3438 936 3481 19.
988 3449 1034 3481 V.
1074 3439 1122 3480 3.
1160 3430 1254 3482 Ill.
1292 3439 1374 3489 19.
1426 3451 1473 3482 V.
1516 3438 1629 3482 28.·
1616 3471 1630 3496 ‚
1683 3451 1779 3498 non
1816 3430 2009 3480 difficile
2049 3437 2123 3478 est

214 3503 491 3565 intellectu,
542 3520 625 3552 cur
660 3500 752 3553 hoc
785 3504 971 3551 nomine
1012 3520 1129 3552 usus
1166 3506 1228 3553 sit
1262 3504 1323 3553 ad
1359 3505 1696 3568 designandam
1732 3503 1911 3553 Tibulli
1947 3501 2122 3549 Neme-

216 3577 313 3624 sin.
400 3573 488 3625 Est
536 3572 586 3625 h.
637 3576 674 3626 1.
715 3575 958 3641 Glycerae
999 3591 1175 3624 nomen
1222 3577 1505 3639 appellative
1546 3578 1783 3640 positum,
1835 3572 1917 3624 die
1950 3573 2119 3637 δᾶεςο,
