<?xml version="1.0" encoding="UTF-8"?>
<!DOCTYPE html PUBLIC "-//W3C//DTD XHTML 1.0 Transitional//EN"
    "http://www.w3.org/TR/xhtml1/DTD/xhtml1-transitional.dtd">
<html xmlns="http://www.w3.org/1999/xhtml" xml:lang="en" lang="en">
 <head>
  <title>
</title>
<meta http-equiv="Content-Type" content="text/html;charset=utf-8" />
  <meta name='ocr-system' content='tesseract 3.04.00' />
  <meta name='ocr-capabilities' content='ocr_page ocr_carea ocr_par ocr_line ocrx_word'/>
</head>
<body>
  <div class='ocr_page' id='page_1' title='image "./deluciivariietca00weicuoft_0149.png"; bbox 0 0 2236 3932; ppageno 0'>
   <div class='ocr_carea' id='block_1_1' title="bbox 819 195 1991 257">
    <p class='ocr_par' dir='ltr' id='par_1_1' title="bbox 819 195 1991 257">
     <span class='ocr_line' id='line_1_1' title="bbox 819 195 1991 257; baseline 0.003 -5"><span class='ocrx_word' id='word_1_1' title='bbox 819 211 1158 257; x_wconf 68' lang='lat' dir='ltr'>exconsus</span> <span class='ocrx_word' id='word_1_2' title='bbox 1205 213 1253 251; x_wconf 81' lang='grc' dir='ltr'><strong>ι.</strong></span> <span class='ocrx_word' id='word_1_3' title='bbox 1876 195 1991 256; x_wconf 87' lang='grc'>131</span> 
     </span>
    </p>
   </div>
   <div class='ocr_carea' id='block_1_2' title="bbox 87 344 2082 3011">
    <p class='ocr_par' dir='ltr' id='par_1_2' title="bbox 87 344 2082 3011">
     <span class='ocr_line' id='line_1_2' title="bbox 90 344 1996 436; baseline -0.001 -23"><span class='ocrx_word' id='word_1_4' title='bbox 90 351 339 436; x_wconf 86' lang='lat' dir='ltr'>dingius</span> <span class='ocrx_word' id='word_1_5' title='bbox 394 351 476 412; x_wconf 85' lang='lat' dir='ltr'>ad</span> <span class='ocrx_word' id='word_1_6' title='bbox 521 349 588 411; x_wconf 90' lang='lat' dir='ltr'>h.</span> <span class='ocrx_word' id='word_1_7' title='bbox 637 351 684 411; x_wconf 87' lang='lat' dir='ltr'>l.</span> <span class='ocrx_word' id='word_1_8' title='bbox 726 355 1026 431; x_wconf 74' lang='lat' dir='ltr'>peracute</span> <span class='ocrx_word' id='word_1_9' title='bbox 1066 344 1420 430; x_wconf 75' lang='lat' dir='ltr'>suspicatur</span> <span class='ocrx_word' id='word_1_10' title='bbox 1427 390 1451 424; x_wconf 85' lang='lat'>,</span> <span class='ocrx_word' id='word_1_11' title='bbox 1494 345 1653 408; x_wconf 86' lang='lat' dir='ltr'>haec</span> <span class='ocrx_word' id='word_1_12' title='bbox 1683 349 1996 411; x_wconf 87' lang='lat' dir='ltr'>accidisse</span> 
     </span>
     <span class='ocr_line' id='line_1_3' title="bbox 87 445 1992 530; baseline -0.002 -18"><span class='ocrx_word' id='word_1_13' title='bbox 87 452 157 513; x_wconf 92' lang='lat' dir='ltr'>in</span> <span class='ocrx_word' id='word_1_14' title='bbox 198 470 416 512; x_wconf 81' lang='lat' dir='ltr'><strong>caussa</strong></span> <span class='ocrx_word' id='word_1_15' title='bbox 455 449 642 511; x_wconf 90' lang='lat' dir='ltr'>Nonii</span> <span class='ocrx_word' id='word_1_16' title='bbox 681 448 1081 530; x_wconf 87' lang='lat' dir='ltr'>Asprenatis,</span> <span class='ocrx_word' id='word_1_17' title='bbox 1139 466 1331 529; x_wconf 89' lang='lat' dir='ltr'>quem</span> <span class='ocrx_word' id='word_1_18' title='bbox 1387 445 1680 508; x_wconf 86' lang='lat' dir='ltr'>veneficii</span> <span class='ocrx_word' id='word_1_19' title='bbox 1735 463 1992 509; x_wconf 84' lang='lat' dir='ltr'>accusa-</span> 
     </span>
     <span class='ocr_line' id='line_1_4' title="bbox 87 543 1996 622; baseline -0.004 -9"><span class='ocrx_word' id='word_1_20' title='bbox 87 553 181 614; x_wconf 84' lang='lat' dir='ltr'>vit</span> <span class='ocrx_word' id='word_1_21' title='bbox 223 550 474 612; x_wconf 83' lang='lat' dir='ltr'>Cassius</span> <span class='ocrx_word' id='word_1_22' title='bbox 523 547 800 609; x_wconf 87' lang='lat' dir='ltr'>Severus</span> <span class='ocrx_word' id='word_1_23' title='bbox 857 567 931 608; x_wconf 91' lang='lat' dir='ltr'>ac</span> <span class='ocrx_word' id='word_1_24' title='bbox 985 546 1265 608; x_wconf 80' lang='lat' dir='ltr'><strong>defendit</strong></span> <span class='ocrx_word' id='word_1_25' title='bbox 1315 544 1571 605; x_wconf 82' lang='lat' dir='ltr'>Asinius</span> <span class='ocrx_word' id='word_1_26' title='bbox 1611 543 1814 606; x_wconf 87' lang='lat' dir='ltr'>Pollio</span> <span class='ocrx_word' id='word_1_27' title='bbox 1830 590 1851 622; x_wconf 85' lang='lat'>‚</span> <span class='ocrx_word' id='word_1_28' title='bbox 1924 553 1996 606; x_wconf 91' lang='lat' dir='ltr'>ut</span> 
     </span>
     <span class='ocr_line' id='line_1_5' title="bbox 88 642 1995 729; baseline -0.003 -18"><span class='ocrx_word' id='word_1_29' title='bbox 88 655 396 711; x_wconf 80' lang='lat' dir='ltr'>testantur</span> <span class='ocrx_word' id='word_1_30' title='bbox 453 645 799 707; x_wconf 81' lang='lat' dir='ltr'>Suetonius</span> <span class='ocrx_word' id='word_1_31' title='bbox 853 645 923 706; x_wconf 92' lang='lat' dir='ltr'>in</span> <span class='ocrx_word' id='word_1_32' title='bbox 979 645 1138 729; x_wconf 85' lang='lat' dir='ltr'>Aug.</span> <span class='ocrx_word' id='word_1_33' title='bbox 1199 665 1256 706; x_wconf 93' lang='lat' dir='ltr'>c.</span> <span class='ocrx_word' id='word_1_34' title='bbox 1299 642 1406 705; x_wconf 85' lang='lat'>56.</span> <span class='ocrx_word' id='word_1_35' title='bbox 1465 650 1528 706; x_wconf 91' lang='lat' dir='ltr'>et</span> <span class='ocrx_word' id='word_1_36' title='bbox 1580 645 1995 721; x_wconf 74' lang='lat' dir='ltr'>Quintilianus</span> 
     </span>
     <span class='ocr_line' id='line_1_6' title="bbox 88 741 1996 823; baseline -0.002 -15"><span class='ocrx_word' id='word_1_37' title='bbox 88 748 246 808; x_wconf 88' lang='lat' dir='ltr'>Inst.</span> <span class='ocrx_word' id='word_1_38' title='bbox 278 745 390 807; x_wconf 89' lang='lat' dir='ltr'>Or.</span> <span class='ocrx_word' id='word_1_39' title='bbox 422 745 599 806; x_wconf 90' lang='lat' dir='ltr'>Libr.</span> <span class='ocrx_word' id='word_1_40' title='bbox 616 745 702 804; x_wconf 89' lang='lat' dir='ltr'>X.</span> <span class='ocrx_word' id='word_1_41' title='bbox 723 746 779 805; x_wconf 92' lang='lat' dir='ltr'>l.</span> <span class='ocrx_word' id='word_1_42' title='bbox 825 753 877 819; x_wconf 88' lang='lat'>§.</span> <span class='ocrx_word' id='word_1_43' title='bbox 907 747 1034 823; x_wconf 70' lang='lat'>22„</span> <span class='ocrx_word' id='word_1_44' title='bbox 1076 744 1193 805; x_wconf 88' lang='lat' dir='ltr'>XI.</span> <span class='ocrx_word' id='word_1_45' title='bbox 1222 745 1282 805; x_wconf 95' lang='lat' dir='ltr'>l.</span> <span class='ocrx_word' id='word_1_46' title='bbox 1314 751 1365 818; x_wconf 82' lang='lat'>§.</span> <span class='ocrx_word' id='word_1_47' title='bbox 1385 742 1488 805; x_wconf 88' lang='lat'>57.</span> <span class='ocrx_word' id='word_1_48' title='bbox 1534 741 1614 805; x_wconf 86' lang='lat' dir='ltr'>cf.</span> <span class='ocrx_word' id='word_1_49' title='bbox 1643 744 1724 804; x_wconf 87' lang='grc' dir='ltr'><strong>Η.</strong></span> <span class='ocrx_word' id='word_1_50' title='bbox 1753 745 1996 823; x_wconf 80' lang='lat' dir='ltr'>Meyeri</span> 
     </span>
     <span class='ocr_line' id='line_1_7' title="bbox 91 842 1999 927; baseline -0.002 -19"><span class='ocrx_word' id='word_1_51' title='bbox 91 846 267 908; x_wconf 85' lang='lat' dir='ltr'>Orat.</span> <span class='ocrx_word' id='word_1_52' title='bbox 311 845 497 906; x_wconf 91' lang='lat' dir='ltr'>Rom.</span> <span class='ocrx_word' id='word_1_53' title='bbox 539 843 899 927; x_wconf 82' lang='lat' dir='ltr'>Fragment.</span> <span class='ocrx_word' id='word_1_54' title='bbox 943 867 1007 926; x_wconf 90' lang='lat' dir='ltr'>p.</span> <span class='ocrx_word' id='word_1_55' title='bbox 1048 846 1196 906; x_wconf 87' lang='grc'><strong>212.</strong></span> <span class='ocrx_word' id='word_1_56' title='bbox 1242 860 1340 924; x_wconf 82' lang='lat' dir='ltr'>sq.</span> <span class='ocrx_word' id='word_1_57' title='bbox 1385 849 1453 904; x_wconf 86' lang='lat' dir='ltr'>et</span> <span class='ocrx_word' id='word_1_58' title='bbox 1504 864 1571 925; x_wconf 90' lang='lat' dir='ltr'>p.</span> <span class='ocrx_word' id='word_1_59' title='bbox 1603 844 1751 904; x_wconf 88' lang='lat'><strong>228.</strong></span> <span class='ocrx_word' id='word_1_60' title='bbox 1852 842 1999 904; x_wconf 88' lang='lat' dir='ltr'>Jam</span> 
     </span>
     <span class='ocr_line' id='line_1_8' title="bbox 90 941 1998 1024; baseline -0.003 -16"><span class='ocrx_word' id='word_1_61' title='bbox 90 944 432 1008; x_wconf 81' lang='lat' dir='ltr'>verisimile</span> <span class='ocrx_word' id='word_1_62' title='bbox 460 943 714 1006; x_wconf 84' lang='lat' dir='ltr'>videtur</span> <span class='ocrx_word' id='word_1_63' title='bbox 728 987 749 1019; x_wconf 90' lang='lat'>,</span> <span class='ocrx_word' id='word_1_64' title='bbox 791 943 872 1004; x_wconf 91' lang='lat' dir='ltr'>L.</span> <span class='ocrx_word' id='word_1_65' title='bbox 901 943 1145 1005; x_wconf 88' lang='lat' dir='ltr'>Varum</span> <span class='ocrx_word' id='word_1_66' title='bbox 1179 949 1245 1004; x_wconf 92' lang='lat' dir='ltr'>et</span> <span class='ocrx_word' id='word_1_67' title='bbox 1268 941 1546 1021; x_wconf 85' lang='lat' dir='ltr'>Nonium</span> <span class='ocrx_word' id='word_1_68' title='bbox 1585 941 1998 1024; x_wconf 84' lang='lat' dir='ltr'>Asprenatem</span> 
     </span>
     <span class='ocr_line' id='line_1_9' title="bbox 90 1038 2001 1122; baseline -0.002 -16"><span class='ocrx_word' id='word_1_69' title='bbox 90 1043 311 1106; x_wconf 83' lang='lat' dir='ltr'>affines</span> <span class='ocrx_word' id='word_1_70' title='bbox 353 1042 569 1105; x_wconf 89' lang='lat' dir='ltr'>fuisse.</span> <span class='ocrx_word' id='word_1_71' title='bbox 674 1042 730 1104; x_wconf 93' lang='lat' dir='ltr'>N</span> <span class='ocrx_word' id='word_1_72' title='bbox 731 1064 835 1104; x_wconf 91' lang='lat' dir='ltr'>am</span> <span class='ocrx_word' id='word_1_73' title='bbox 894 1042 974 1104; x_wconf 88' lang='lat' dir='ltr'>P.</span> <span class='ocrx_word' id='word_1_74' title='bbox 1039 1041 1393 1122; x_wconf 71' lang='lat' dir='ltr'>Quintilius</span> <span class='ocrx_word' id='word_1_75' title='bbox 1451 1038 1525 1105; x_wconf 88' lang='lat' dir='ltr'>V</span> <span class='ocrx_word' id='word_1_76' title='bbox 1516 1063 1676 1102; x_wconf 71' lang='lat' dir='ltr'>arus</span> <span class='ocrx_word' id='word_1_77' title='bbox 1686 1084 1711 1117; x_wconf 87' lang='lat'><em>,</em></span> <span class='ocrx_word' id='word_1_78' title='bbox 1769 1041 2001 1103; x_wconf 21' lang='lat' dir='ltr'>infelix.</span> 
     </span>
     <span class='ocr_line' id='line_1_10' title="bbox 90 1141 2000 1217; baseline -0.001 -13"><span class='ocrx_word' id='word_1_79' title='bbox 90 1144 214 1204; x_wconf 91' lang='lat' dir='ltr'>iste</span> <span class='ocrx_word' id='word_1_80' title='bbox 257 1142 691 1204; x_wconf 89' lang='lat' dir='ltr'>Romanorum</span> <span class='ocrx_word' id='word_1_81' title='bbox 748 1147 968 1204; x_wconf 85' lang='lat' dir='ltr'>contra</span> <span class='ocrx_word' id='word_1_82' title='bbox 1011 1141 1360 1204; x_wconf 88' lang='lat' dir='ltr'>Germanos</span> <span class='ocrx_word' id='word_1_83' title='bbox 1418 1141 1552 1200; x_wconf 85' lang='lat' dir='ltr'>dux</span> <span class='ocrx_word' id='word_1_84' title='bbox 1569 1185 1590 1217; x_wconf 83' lang='lat'><strong>,</strong></span> <span class='ocrx_word' id='word_1_85' title='bbox 1649 1141 2000 1203; x_wconf 71' lang='lat' dir='ltr'>awmculus</span> 
     </span>
     <span class='ocr_line' id='line_1_11' title="bbox 89 1238 2000 1323; baseline 0 -20"><span class='ocrx_word' id='word_1_86' title='bbox 89 1242 210 1303; x_wconf 86' lang='lat' dir='ltr'>fuit</span> <span class='ocrx_word' id='word_1_87' title='bbox 266 1242 346 1303; x_wconf 88' lang='lat' dir='ltr'>L.</span> <span class='ocrx_word' id='word_1_88' title='bbox 391 1242 577 1303; x_wconf 89' lang='lat' dir='ltr'>Nonii</span> <span class='ocrx_word' id='word_1_89' title='bbox 632 1241 999 1323; x_wconf 84' lang='lat' dir='ltr'>Asprenatis</span> <span class='ocrx_word' id='word_1_90' title='bbox 1062 1240 1230 1301; x_wconf 88' lang='lat' dir='ltr'>illius</span> <span class='ocrx_word' id='word_1_91' title='bbox 1244 1283 1265 1318; x_wconf 90' lang='lat'><strong><em>,</em></strong></span> <span class='ocrx_word' id='word_1_92' title='bbox 1338 1239 1450 1320; x_wconf 86' lang='lat' dir='ltr'>qui</span> <span class='ocrx_word' id='word_1_93' title='bbox 1501 1238 1656 1298; x_wconf 87' lang='lat' dir='ltr'>Vari</span> <span class='ocrx_word' id='word_1_94' title='bbox 1711 1240 1782 1300; x_wconf 90' lang='lat' dir='ltr'>in</span> <span class='ocrx_word' id='word_1_95' title='bbox 1837 1239 2000 1302; x_wconf 81' lang='lat' dir='ltr'>Ger-</span> 
     </span>
     <span class='ocr_line' id='line_1_12' title="bbox 91 1336 2002 1424; baseline 0 -22"><span class='ocrx_word' id='word_1_96' title='bbox 91 1343 302 1403; x_wconf 88' lang='lat' dir='ltr'>mania</span> <span class='ocrx_word' id='word_1_97' title='bbox 353 1342 596 1424; x_wconf 86' lang='lat' dir='ltr'>legatus</span> <span class='ocrx_word' id='word_1_98' title='bbox 654 1342 811 1400; x_wconf 85' lang='lat' dir='ltr'>duas</span> <span class='ocrx_word' id='word_1_99' title='bbox 868 1340 1150 1424; x_wconf 85' lang='lat' dir='ltr'>legiones</span> <span class='ocrx_word' id='word_1_100' title='bbox 1207 1358 1295 1398; x_wconf 81' lang='lat' dir='ltr'>ex</span> <span class='ocrx_word' id='word_1_101' title='bbox 1349 1336 1603 1397; x_wconf 85' lang='lat' dir='ltr'>funesta</span> <span class='ocrx_word' id='word_1_102' title='bbox 1655 1338 1779 1399; x_wconf 91' lang='lat' dir='ltr'>ista</span> <span class='ocrx_word' id='word_1_103' title='bbox 1822 1341 2002 1402; x_wconf 84' lang='lat' dir='ltr'>clade</span> 
     </span>
     <span class='ocr_line' id='line_1_13' title="bbox 96 1436 2005 1524; baseline -0.001 -22"><span class='ocrx_word' id='word_1_104' title='bbox 96 1440 609 1524; x_wconf 84' lang='lat' dir='ltr'>Teutoburgensi</span> <span class='ocrx_word' id='word_1_105' title='bbox 663 1459 722 1500; x_wconf 91' lang='lat' dir='ltr'>a.</span> <span class='ocrx_word' id='word_1_106' title='bbox 765 1439 840 1499; x_wconf 92' lang='lat' dir='ltr'>U.</span> <span class='ocrx_word' id='word_1_107' title='bbox 881 1439 952 1500; x_wconf 91' lang='lat' dir='ltr'>C.</span> <span class='ocrx_word' id='word_1_108' title='bbox 995 1439 1145 1498; x_wconf 89' lang='grc'><strong>763.</strong></span> <span class='ocrx_word' id='word_1_109' title='bbox 1203 1436 1477 1497; x_wconf 86' lang='lat' dir='ltr'>servavit</span> <span class='ocrx_word' id='word_1_110' title='bbox 1529 1436 1881 1499; x_wconf 84' lang='lat' dir='ltr'>incolumes</span> <span class='ocrx_word' id='word_1_111' title='bbox 1935 1445 2005 1500; x_wconf 81' lang='lat' dir='ltr'>et·</span> 
     </span>
     <span class='ocr_line' id='line_1_14' title="bbox 96 1535 2003 1618; baseline -0.003 -16"><span class='ocrx_word' id='word_1_112' title='bbox 96 1542 465 1603; x_wconf 81' lang='lat' dir='ltr'>vacillantes</span> <span class='ocrx_word' id='word_1_113' title='bbox 510 1539 598 1599; x_wconf 90' lang='lat' dir='ltr'>cis</span> <span class='ocrx_word' id='word_1_114' title='bbox 626 1539 920 1598; x_wconf 89' lang='lat' dir='ltr'>Rhenum</span> <span class='ocrx_word' id='word_1_115' title='bbox 963 1537 1226 1596; x_wconf 89' lang='lat' dir='ltr'>sitarum</span> <span class='ocrx_word' id='word_1_116' title='bbox 1256 1535 1536 1618; x_wconf 89' lang='lat' dir='ltr'>gentium</span> <span class='ocrx_word' id='word_1_117' title='bbox 1566 1535 1812 1596; x_wconf 89' lang='lat' dir='ltr'>animos</span> <span class='ocrx_word' id='word_1_118' title='bbox 1849 1557 2003 1597; x_wconf 82' lang='lat' dir='ltr'>con-</span> 
     </span>
     <span class='ocr_line' id='line_1_15' title="bbox 94 1632 2002 1718; baseline -0.002 -18"><span class='ocrx_word' id='word_1_119' title='bbox 94 1638 399 1714; x_wconf 85' lang='lat' dir='ltr'>firmavit,</span> <span class='ocrx_word' id='word_1_120' title='bbox 445 1637 810 1698; x_wconf 91' lang='lat' dir='ltr'>auctoribus</span> <span class='ocrx_word' id='word_1_121' title='bbox 852 1633 1097 1718; x_wconf 75' lang='lat' dir='ltr'>Velleio</span> <span class='ocrx_word' id='word_1_122' title='bbox 1140 1634 1385 1695; x_wconf 83' lang='lat' dir='ltr'>Patere.</span> <span class='ocrx_word' id='word_1_123' title='bbox 1427 1632 1606 1693; x_wconf 90' lang='lat' dir='ltr'>Libr.</span> <span class='ocrx_word' id='word_1_124' title='bbox 1634 1633 1720 1694; x_wconf 87' lang='lat' dir='ltr'>H.</span> <span class='ocrx_word' id='word_1_125' title='bbox 1767 1654 1824 1695; x_wconf 85' lang='lat' dir='ltr'>c.</span> <span class='ocrx_word' id='word_1_126' title='bbox 1857 1637 2002 1697; x_wconf 90' lang='grc'><strong>120.</strong></span> 
     </span>
     <span class='ocr_line' id='line_1_16' title="bbox 94 1733 2002 1813; baseline -0.003 -13"><span class='ocrx_word' id='word_1_127' title='bbox 94 1747 147 1813; x_wconf 85' lang='lat'>§.</span> <span class='ocrx_word' id='word_1_128' title='bbox 171 1739 238 1799; x_wconf 87' lang='grc'><strong>3.</strong></span> <span class='ocrx_word' id='word_1_129' title='bbox 268 1745 331 1800; x_wconf 82' lang='lat' dir='ltr'>et</span> <span class='ocrx_word' id='word_1_130' title='bbox 354 1737 561 1797; x_wconf 86' lang='lat' dir='ltr'>Dione</span> <span class='ocrx_word' id='word_1_131' title='bbox 591 1736 764 1797; x_wconf 77' lang='lat' dir='ltr'>CaSS.</span> <span class='ocrx_word' id='word_1_132' title='bbox 794 1734 972 1798; x_wconf 88' lang='lat' dir='ltr'>Libr.</span> <span class='ocrx_word' id='word_1_133' title='bbox 997 1733 1163 1796; x_wconf 89' lang='lat' dir='ltr'><strong>LVI.</strong></span> <span class='ocrx_word' id='word_1_134' title='bbox 1209 1754 1262 1796; x_wconf 93' lang='lat' dir='ltr'>c.</span> <span class='ocrx_word' id='word_1_135' title='bbox 1293 1735 1398 1795; x_wconf 88' lang='grc'>22.</span> <span class='ocrx_word' id='word_1_136' title='bbox 1481 1733 1681 1794; x_wconf 87' lang='lat' dir='ltr'>Filius</span> <span class='ocrx_word' id='word_1_137' title='bbox 1717 1733 1898 1795; x_wconf 87' lang='lat' dir='ltr'>istius</span> <span class='ocrx_word' id='word_1_138' title='bbox 1929 1735 2002 1796; x_wconf 94' lang='lat' dir='ltr'>P.</span> 
     </span>
     <span class='ocr_line' id='line_1_17' title="bbox 98 1832 2004 1899; baseline -0.002 0"><span class='ocrx_word' id='word_1_139' title='bbox 98 1837 246 1899; x_wconf 89' lang='lat' dir='ltr'>Vari</span> <span class='ocrx_word' id='word_1_140' title='bbox 284 1857 323 1899; x_wconf 91' lang='lat' dir='ltr'>a</span> <span class='ocrx_word' id='word_1_141' title='bbox 381 1836 604 1898; x_wconf 88' lang='lat' dir='ltr'>Tacito</span> <span class='ocrx_word' id='word_1_142' title='bbox 646 1835 812 1896; x_wconf 88' lang='lat' dir='ltr'>Ann.</span> <span class='ocrx_word' id='word_1_143' title='bbox 868 1835 1047 1896; x_wconf 92' lang='lat' dir='ltr'>Lihr.</span> <span class='ocrx_word' id='word_1_144' title='bbox 1088 1832 1201 1894; x_wconf 83' lang='lat' dir='ltr'>IV.</span> <span class='ocrx_word' id='word_1_145' title='bbox 1258 1854 1314 1894; x_wconf 91' lang='lat' dir='ltr'>c.</span> <span class='ocrx_word' id='word_1_146' title='bbox 1360 1833 1467 1894; x_wconf 83' lang='lat'>66.</span> <span class='ocrx_word' id='word_1_147' title='bbox 1525 1838 1788 1895; x_wconf 86' lang='lat' dir='ltr'>vocatur</span> <span class='ocrx_word' id='word_1_148' title='bbox 1834 1836 2004 1896; x_wconf 80' lang='lat' dir='ltr'>Cae-</span> 
     </span>
     <span class='ocr_line' id='line_1_18' title="bbox 96 1930 2004 2019; baseline -0.003 -20"><span class='ocrx_word' id='word_1_149' title='bbox 96 1935 245 1999; x_wconf 68' lang='lat' dir='ltr'>cari</span> <span class='ocrx_word' id='word_1_150' title='bbox 283 1934 716 2019; x_wconf 67' lang='lat' dir='ltr'>propinqum.</span> <span class='ocrx_word' id='word_1_151' title='bbox 816 1934 873 1998; x_wconf 90' lang='lat' dir='ltr'>N</span> <span class='ocrx_word' id='word_1_152' title='bbox 874 1935 1057 1996; x_wconf 90' lang='lat' dir='ltr'>onius</span> <span class='ocrx_word' id='word_1_153' title='bbox 1099 1933 1420 2015; x_wconf 85' lang='lat' dir='ltr'>Asprenas</span> <span class='ocrx_word' id='word_1_154' title='bbox 1435 1975 1456 2009; x_wconf 87' lang='lat'>‚</span> <span class='ocrx_word' id='word_1_155' title='bbox 1500 1930 1791 1994; x_wconf 88' lang='lat' dir='ltr'>veneficii</span> <span class='ocrx_word' id='word_1_156' title='bbox 1832 1953 2004 2011; x_wconf 87' lang='lat' dir='ltr'>reus,</span> 
     </span>
     <span class='ocr_line' id='line_1_19' title="bbox 97 2030 2082 2116; baseline -0.001 -18"><span class='ocrx_word' id='word_1_157' title='bbox 97 2057 136 2098; x_wconf 87' lang='lat' dir='ltr'>a</span> <span class='ocrx_word' id='word_1_158' title='bbox 178 2034 489 2098; x_wconf 87' lang='lat' dir='ltr'>Suetonio</span> <span class='ocrx_word' id='word_1_159' title='bbox 529 2035 575 2095; x_wconf 90' lang='lat' dir='ltr'>l.</span> <span class='ocrx_word' id='word_1_160' title='bbox 618 2054 676 2096; x_wconf 93' lang='lat' dir='ltr'>c.</span> <span class='ocrx_word' id='word_1_161' title='bbox 729 2035 1103 2116; x_wconf 88' lang='lat' dir='ltr'>perhibetur</span> <span class='ocrx_word' id='word_1_162' title='bbox 1144 2033 1425 2116; x_wconf 87' lang='lat' dir='ltr'>Augusto</span> <span class='ocrx_word' id='word_1_163' title='bbox 1483 2030 1695 2093; x_wconf 77' lang='lat' dir='ltr'>artius</span> <span class='ocrx_word' id='word_1_164' title='bbox 1739 2033 2009 2111; x_wconf 73' lang='lat' dir='ltr'>junctus</span> <span class='ocrx_word' id='word_1_165' title='bbox 2076 2091 2082 2097; x_wconf 86' lang='lat'><strong>.</strong></span> 
     </span>
     <span class='ocr_line' id='line_1_20' title="bbox 97 2131 2008 2216; baseline -0.001 -20"><span class='ocrx_word' id='word_1_166' title='bbox 97 2135 292 2196; x_wconf 83' lang='lat' dir='ltr'>fuisse</span> <span class='ocrx_word' id='word_1_167' title='bbox 334 2140 401 2196; x_wconf 93' lang='lat' dir='ltr'>et</span> <span class='ocrx_word' id='word_1_168' title='bbox 439 2133 519 2195; x_wconf 93' lang='lat' dir='ltr'>L.</span> <span class='ocrx_word' id='word_1_169' title='bbox 558 2133 767 2196; x_wconf 88' lang='lat' dir='ltr'>Varus</span> <span class='ocrx_word' id='word_1_170' title='bbox 809 2133 1158 2216; x_wconf 91' lang='lat' dir='ltr'>Epicureus</span> <span class='ocrx_word' id='word_1_171' title='bbox 1212 2152 1251 2193; x_wconf 91' lang='lat' dir='ltr'>a</span> <span class='ocrx_word' id='word_1_172' title='bbox 1294 2131 1674 2208; x_wconf 72' lang='lat' dir='ltr'>Quintiliano</span> <span class='ocrx_word' id='word_1_173' title='bbox 1715 2134 2008 2195; x_wconf 84' lang='lat' dir='ltr'>nomina-</span> 
     </span>
     <span class='ocr_line' id='line_1_21' title="bbox 99 2219 2008 2316; baseline -0.001 -20"><span class='ocrx_word' id='word_1_174' title='bbox 99 2242 204 2297; x_wconf 85' lang='lat' dir='ltr'>tur</span> <span class='ocrx_word' id='word_1_175' title='bbox 260 2232 561 2298; x_wconf 67' lang='lat' dir='ltr'>caesaris</span> <span class='ocrx_word' id='word_1_176' title='bbox 613 2233 660 2294; x_wconf 90' lang='lat' dir='ltr'>i.</span> <span class='ocrx_word' id='word_1_177' title='bbox 721 2254 780 2295; x_wconf 94' lang='lat' dir='ltr'>e.</span> <span class='ocrx_word' id='word_1_178' title='bbox 828 2230 1099 2316; x_wconf 51' lang='lat' dir='ltr'>Augusti</span> <span class='ocrx_word' id='word_1_179' title='bbox 1147 2230 1427 2292; x_wconf 62' lang='lat' dir='ltr'>‚amic-ue.</span> <span class='ocrx_word' id='word_1_180' title='bbox 1541 2229 1766 2313; x_wconf 79' lang='lat' dir='ltr'>Itaque</span> <span class='ocrx_word' id='word_1_181' title='bbox 1822 2219 2008 2296; x_wconf 75' lang='lat' dir='ltr'>facile</span> 
     </span>
     <span class='ocr_line' id='line_1_22' title="bbox 102 2330 2009 2417; baseline -0.001 -22"><span class='ocrx_word' id='word_1_182' title='bbox 102 2335 245 2417; x_wconf 80' lang='lat' dir='ltr'>quis</span> <span class='ocrx_word' id='word_1_183' title='bbox 275 2333 502 2395; x_wconf 86' lang='lat' dir='ltr'>induci</span> <span class='ocrx_word' id='word_1_184' title='bbox 543 2339 794 2415; x_wconf 87' lang='lat' dir='ltr'>potest,</span> <span class='ocrx_word' id='word_1_185' title='bbox 836 2339 911 2393; x_wconf 92' lang='lat' dir='ltr'>ut</span> <span class='ocrx_word' id='word_1_186' title='bbox 950 2331 1030 2394; x_wconf 92' lang='lat' dir='ltr'>L.</span> <span class='ocrx_word' id='word_1_187' title='bbox 1058 2331 1298 2393; x_wconf 92' lang='lat' dir='ltr'>Varum</span> <span class='ocrx_word' id='word_1_188' title='bbox 1324 2330 1710 2412; x_wconf 89' lang='lat' dir='ltr'>Epicureum</span> <span class='ocrx_word' id='word_1_189' title='bbox 1751 2330 2009 2395; x_wconf 86' lang='lat' dir='ltr'>fratrem</span> 
     </span>
     <span class='ocr_line' id='line_1_23' title="bbox 102 2414 2011 2514; baseline -0.001 -19"><span class='ocrx_word' id='word_1_190' title='bbox 102 2414 295 2495; x_wconf 46' lang='lat' dir='ltr'>fuiss&amp;</span> <span class='ocrx_word' id='word_1_191' title='bbox 336 2439 518 2514; x_wconf 74' lang='lat' dir='ltr'>putet</span> <span class='ocrx_word' id='word_1_192' title='bbox 557 2434 632 2493; x_wconf 88' lang='lat' dir='ltr'>P.</span> <span class='ocrx_word' id='word_1_193' title='bbox 676 2433 827 2493; x_wconf 74' lang='lat' dir='ltr'>vari</span> <span class='ocrx_word' id='word_1_194' title='bbox 867 2433 1036 2493; x_wconf 76' lang='lat' dir='ltr'>iuius</span> <span class='ocrx_word' id='word_1_195' title='bbox 1078 2432 1151 2491; x_wconf 80' lang='lat' dir='ltr'>iu</span> <span class='ocrx_word' id='word_1_196' title='bbox 1195 2429 1534 2492; x_wconf 73' lang='lat' dir='ltr'>Germania</span> <span class='ocrx_word' id='word_1_197' title='bbox 1586 2431 1781 2492; x_wconf 73' lang='lat' dir='ltr'>ducis.</span> <span class='ocrx_word' id='word_1_198' title='bbox 1885 2432 2011 2494; x_wconf 72' lang='lat' dir='ltr'>Res</span> 
     </span>
     <span class='ocr_line' id='line_1_24' title="bbox 105 2530 2012 2614; baseline -0.002 -19"><span class='ocrx_word' id='word_1_199' title='bbox 105 2535 186 2595; x_wconf 89' lang='lat' dir='ltr'>ad</span> <span class='ocrx_word' id='word_1_200' title='bbox 241 2532 553 2614; x_wconf 90' lang='lat' dir='ltr'>liquidum</span> <span class='ocrx_word' id='word_1_201' title='bbox 606 2532 870 2614; x_wconf 87' lang='lat' dir='ltr'>perduci</span> <span class='ocrx_word' id='word_1_202' title='bbox 921 2532 1163 2613; x_wconf 89' lang='lat' dir='ltr'>nequit.</span> <span class='ocrx_word' id='word_1_203' title='bbox 1248 2530 1414 2591; x_wconf 85' lang='lat' dir='ltr'>Illud</span> <span class='ocrx_word' id='word_1_204' title='bbox 1456 2536 1670 2592; x_wconf 88' lang='lat' dir='ltr'>autem</span> <span class='ocrx_word' id='word_1_205' title='bbox 1711 2531 1871 2593; x_wconf 86' lang='lat' dir='ltr'>mihi</span> <span class='ocrx_word' id='word_1_206' title='bbox 1911 2531 2012 2595; x_wconf 89' lang='lat' dir='ltr'>vi-</span> 
     </span>
     <span class='ocr_line' id='line_1_25' title="bbox 106 2629 2013 2713; baseline -0.001 -20"><span class='ocrx_word' id='word_1_207' title='bbox 106 2634 292 2693; x_wconf 82' lang='lat' dir='ltr'>detur</span> <span class='ocrx_word' id='word_1_208' title='bbox 331 2631 672 2692; x_wconf 87' lang='lat' dir='ltr'>admodum</span> <span class='ocrx_word' id='word_1_209' title='bbox 714 2630 1044 2713; x_wconf 87' lang='lat' dir='ltr'>probabile</span> <span class='ocrx_word' id='word_1_210' title='bbox 1058 2674 1077 2707; x_wconf 93' lang='lat'>‚</span> <span class='ocrx_word' id='word_1_211' title='bbox 1131 2630 1307 2711; x_wconf 83' lang='lat' dir='ltr'>quod</span> <span class='ocrx_word' id='word_1_212' title='bbox 1348 2629 1498 2690; x_wconf 89' lang='lat' dir='ltr'>inde</span> <span class='ocrx_word' id='word_1_213' title='bbox 1541 2630 1781 2713; x_wconf 84' lang='lat' dir='ltr'>colligit</span> <span class='ocrx_word' id='word_1_214' title='bbox 1823 2629 2013 2712; x_wconf 87' lang='lat' dir='ltr'>Spal-</span> 
     </span>
     <span class='ocr_line' id='line_1_26' title="bbox 107 2726 2012 2815; baseline -0.002 -22"><span class='ocrx_word' id='word_1_215' title='bbox 107 2731 352 2815; x_wconf 85' lang='lat' dir='ltr'>dingius</span> <span class='ocrx_word' id='word_1_216' title='bbox 405 2730 472 2791; x_wconf 90' lang='lat' dir='ltr'>in</span> <span class='ocrx_word' id='word_1_217' title='bbox 527 2730 798 2792; x_wconf 83' lang='lat' dir='ltr'>Praefat.</span> <span class='ocrx_word' id='word_1_218' title='bbox 851 2730 936 2791; x_wconf 85' lang='lat' dir='ltr'>ad</span> <span class='ocrx_word' id='word_1_219' title='bbox 990 2728 1360 2811; x_wconf 81' lang='lat' dir='ltr'>Quintiliani</span> <span class='ocrx_word' id='word_1_220' title='bbox 1416 2726 1560 2790; x_wconf 94' lang='lat' dir='ltr'>Vol.</span> <span class='ocrx_word' id='word_1_221' title='bbox 1603 2728 1689 2790; x_wconf 92' lang='grc' dir='ltr'><strong>Π.</strong></span> <span class='ocrx_word' id='word_1_222' title='bbox 1744 2751 1811 2813; x_wconf 91' lang='lat' dir='ltr'>p.</span> <span class='ocrx_word' id='word_1_223' title='bbox 1844 2728 2012 2806; x_wconf 70' lang='lat' dir='ltr'>VH„</span> 
     </span>
     <span class='ocr_line' id='line_1_27' title="bbox 108 2827 2013 2912; baseline -0.003 -19"><span class='ocrx_word' id='word_1_224' title='bbox 108 2831 275 2893; x_wconf 89' lang='lat' dir='ltr'>hunc</span> <span class='ocrx_word' id='word_1_225' title='bbox 327 2830 405 2891; x_wconf 91' lang='lat' dir='ltr'>L.</span> <span class='ocrx_word' id='word_1_226' title='bbox 446 2829 684 2891; x_wconf 87' lang='lat' dir='ltr'>Varum</span> <span class='ocrx_word' id='word_1_227' title='bbox 739 2828 1126 2912; x_wconf 88' lang='lat' dir='ltr'>Epicureum</span> <span class='ocrx_word' id='word_1_228' title='bbox 1181 2827 1296 2890; x_wconf 83' lang='lat' dir='ltr'>vix</span> <span class='ocrx_word' id='word_1_229' title='bbox 1347 2827 1543 2890; x_wconf 85' lang='lat' dir='ltr'>fuisse</span> <span class='ocrx_word' id='word_1_230' title='bbox 1597 2829 1754 2890; x_wconf 91' lang='lat' dir='ltr'>alius</span> <span class='ocrx_word' id='word_1_231' title='bbox 1809 2828 2013 2912; x_wconf 87' lang='lat' dir='ltr'>gentis</span> 
     </span>
     <span class='ocr_line' id='line_1_28' title="bbox 110 2927 2017 3011; baseline -0.002 -20"><span class='ocrx_word' id='word_1_232' title='bbox 110 2949 303 3011; x_wconf 84' lang='lat' dir='ltr'>quam</span> <span class='ocrx_word' id='word_1_233' title='bbox 333 2928 694 3011; x_wconf 80' lang='lat' dir='ltr'>Quintiliae.</span> <span class='ocrx_word' id='word_1_234' title='bbox 778 2930 913 2989; x_wconf 86' lang='lat' dir='ltr'>Hac</span> <span class='ocrx_word' id='word_1_235' title='bbox 956 2927 1303 3011; x_wconf 89' lang='lat' dir='ltr'>Spaldingii</span> <span class='ocrx_word' id='word_1_236' title='bbox 1346 2928 1767 3010; x_wconf 84' lang='lat' dir='ltr'>disputatione</span> <span class='ocrx_word' id='word_1_237' title='bbox 1808 2927 2017 2988; x_wconf 84' lang='lat' dir='ltr'>mani-</span> 
     </span>
    </p>
   </div>
   <div class='ocr_carea' id='block_1_3' title="bbox 112 3023 2152 3109">
    <p class='ocr_par' dir='ltr' id='par_1_3' title="bbox 112 3023 2152 3109">
     <span class='ocr_line' id='line_1_29' title="bbox 112 3023 2152 3109; baseline -0.002 -19"><span class='ocrx_word' id='word_1_238' title='bbox 112 3029 343 3090; x_wconf 83' lang='lat' dir='ltr'>festum</span> <span class='ocrx_word' id='word_1_239' title='bbox 383 3034 477 3090; x_wconf 84' lang='lat' dir='ltr'>est</span> <span class='ocrx_word' id='word_1_240' title='bbox 517 3048 712 3109; x_wconf 84' lang='lat' dir='ltr'>quam</span> <span class='ocrx_word' id='word_1_241' title='bbox 751 3027 938 3089; x_wconf 83' lang='lat' dir='ltr'>valde</span> <span class='ocrx_word' id='word_1_242' title='bbox 967 3026 1375 3089; x_wconf 81' lang='lat' dir='ltr'>labefactetur</span> <span class='ocrx_word' id='word_1_243' title='bbox 1417 3026 1475 3090; x_wconf 81' lang='lat' dir='ltr'>J.</span> <span class='ocrx_word' id='word_1_244' title='bbox 1506 3027 1585 3087; x_wconf 88' lang='grc' dir='ltr'><strong>Η.</strong></span> <span class='ocrx_word' id='word_1_245' title='bbox 1617 3026 1828 3090; x_wconf 90' lang='lat' dir='ltr'>Vossii</span> <span class='ocrx_word' id='word_1_246' title='bbox 1869 3046 2017 3088; x_wconf 77' lang='lat' dir='ltr'>sen-</span> <span class='ocrx_word' id='word_1_247' title='bbox 2148 3023 2152 3026; x_wconf 76' lang='grc'><strong>’</strong></span> 
     </span>
    </p>
   </div>
   <div class='ocr_carea' id='block_1_4' title="bbox 113 3125 2027 3784">
    <p class='ocr_par' dir='ltr' id='par_1_4' title="bbox 113 3125 2019 3388">
     <span class='ocr_line' id='line_1_30' title="bbox 113 3125 2017 3210; baseline -0.003 -20"><span class='ocrx_word' id='word_1_248' title='bbox 113 3128 338 3206; x_wconf 81' lang='lat' dir='ltr'>tentia,</span> <span class='ocrx_word' id='word_1_249' title='bbox 398 3147 523 3209; x_wconf 79' lang='lat' dir='ltr'>qua</span> <span class='ocrx_word' id='word_1_250' title='bbox 562 3126 642 3188; x_wconf 93' lang='lat' dir='ltr'>L.</span> <span class='ocrx_word' id='word_1_251' title='bbox 677 3125 883 3187; x_wconf 87' lang='lat' dir='ltr'>Varus</span> <span class='ocrx_word' id='word_1_252' title='bbox 911 3126 1259 3209; x_wconf 84' lang='lat' dir='ltr'>Epicureus</span> <span class='ocrx_word' id='word_1_253' title='bbox 1298 3126 1379 3189; x_wconf 84' lang='lat' dir='ltr'>ad</span> <span class='ocrx_word' id='word_1_254' title='bbox 1419 3132 1671 3210; x_wconf 85' lang='lat' dir='ltr'>gentem</span> <span class='ocrx_word' id='word_1_255' title='bbox 1712 3125 2017 3186; x_wconf 83' lang='lat' dir='ltr'>Alfmiam</span> 
     </span>
     <span class='ocr_line' id='line_1_31' title="bbox 115 3222 2019 3310; baseline -0.001 -23"><span class='ocrx_word' id='word_1_256' title='bbox 115 3227 505 3308; x_wconf 86' lang='lat' dir='ltr'>pertinuerit.</span> <span class='ocrx_word' id='word_1_257' title='bbox 602 3225 761 3287; x_wconf 87' lang='lat' dir='ltr'>Mihi</span> <span class='ocrx_word' id='word_1_258' title='bbox 818 3222 1175 3309; x_wconf 81' lang='lat' dir='ltr'>conjectura</span> <span class='ocrx_word' id='word_1_259' title='bbox 1233 3225 1584 3310; x_wconf 88' lang='lat' dir='ltr'>Spaldingii</span> <span class='ocrx_word' id='word_1_260' title='bbox 1641 3226 1839 3286; x_wconf 82' lang='lat' dir='ltr'>multo</span> <span class='ocrx_word' id='word_1_261' title='bbox 1882 3224 2019 3287; x_wconf 89' lang='lat' dir='ltr'>veri</span> 
     </span>
     <span class='ocr_line' id='line_1_32' title="bbox 116 3326 697 3388; baseline -0.005 0"><span class='ocrx_word' id='word_1_262' title='bbox 116 3326 383 3388; x_wconf 77' lang='lat' dir='ltr'>similior</span> <span class='ocrx_word' id='word_1_263' title='bbox 425 3326 697 3388; x_wconf 83' lang='lat' dir='ltr'>videtur.</span> 
     </span>
    </p>

    <p class='ocr_par' dir='ltr' id='par_1_5' title="bbox 120 3421 2027 3706">
     <span class='ocr_line' id='line_1_33' title="bbox 288 3421 2021 3507; baseline -0.003 -19"><span class='ocrx_word' id='word_1_264' title='bbox 288 3426 428 3488; x_wconf 86' lang='lat' dir='ltr'>Jam</span> <span class='ocrx_word' id='word_1_265' title='bbox 471 3434 543 3485; x_wconf 90' lang='lat' dir='ltr'>ut</span> <span class='ocrx_word' id='word_1_266' title='bbox 598 3432 843 3486; x_wconf 87' lang='lat' dir='ltr'>certum</span> <span class='ocrx_word' id='word_1_267' title='bbox 883 3422 1005 3501; x_wconf 76' lang='lat' dir='ltr'>sit,</span> <span class='ocrx_word' id='word_1_268' title='bbox 1048 3425 1220 3507; x_wconf 88' lang='lat' dir='ltr'>quod</span> <span class='ocrx_word' id='word_1_269' title='bbox 1262 3426 1549 3507; x_wconf 90' lang='lat' dir='ltr'>pluribus</span> <span class='ocrx_word' id='word_1_270' title='bbox 1592 3422 1801 3485; x_wconf 22' lang='lat' dir='ltr'>etiam.</span> <span class='ocrx_word' id='word_1_271' title='bbox 1825 3421 2021 3484; x_wconf 88' lang='lat' dir='ltr'>Glan-</span> 
     </span>
     <span class='ocr_line' id='line_1_34' title="bbox 120 3522 2023 3607; baseline -0.003 -20"><span class='ocrx_word' id='word_1_272' title='bbox 120 3526 378 3607; x_wconf 85' lang='lat' dir='ltr'>dorpius</span> <span class='ocrx_word' id='word_1_273' title='bbox 436 3525 502 3584; x_wconf 88' lang='lat' dir='ltr'>in</span> <span class='ocrx_word' id='word_1_274' title='bbox 564 3522 793 3586; x_wconf 88' lang='lat' dir='ltr'>Onom.</span> <span class='ocrx_word' id='word_1_275' title='bbox 853 3546 918 3605; x_wconf 91' lang='lat' dir='ltr'>p.</span> <span class='ocrx_word' id='word_1_276' title='bbox 960 3525 1107 3584; x_wconf 84' lang='grc'><strong>738.</strong></span> <span class='ocrx_word' id='word_1_277' title='bbox 1155 3544 1253 3605; x_wconf 83' lang='lat' dir='ltr'>sq.</span> <span class='ocrx_word' id='word_1_278' title='bbox 1315 3524 1640 3606; x_wconf 88' lang='lat' dir='ltr'>probavit,</span> <span class='ocrx_word' id='word_1_279' title='bbox 1715 3522 1782 3581; x_wconf 87' lang='lat' dir='ltr'>in</span> <span class='ocrx_word' id='word_1_280' title='bbox 1839 3530 2023 3605; x_wconf 87' lang='lat' dir='ltr'>gente</span> 
     </span>
     <span class='ocr_line' id='line_1_35' title="bbox 128 3621 2027 3706; baseline -0.003 -19"><span class='ocrx_word' id='word_1_281' title='bbox 128 3624 449 3706; x_wconf 68' lang='lat' dir='ltr'>Quintilla</span> <span class='ocrx_word' id='word_1_282' title='bbox 495 3624 684 3687; x_wconf 80' lang='lat' dir='ltr'>fuisse</span> <span class='ocrx_word' id='word_1_283' title='bbox 733 3624 803 3688; x_wconf 88' lang='lat' dir='ltr'><em>V</em></span> <span class='ocrx_word' id='word_1_284' title='bbox 795 3644 984 3699; x_wconf 69' lang='lat' dir='ltr'>clv-0⁸3</span> <span class='ocrx_word' id='word_1_285' title='bbox 1042 3630 1255 3687; x_wconf 81' lang='lat' dir='ltr'>tamen</span> <span class='ocrx_word' id='word_1_286' title='bbox 1298 3625 1365 3686; x_wconf 86' lang='lat' dir='ltr'>in</span> <span class='ocrx_word' id='word_1_287' title='bbox 1412 3621 1840 3686; x_wconf 83' lang='lat' dir='ltr'>controversia</span> <span class='ocrx_word' id='word_1_288' title='bbox 1881 3640 2027 3692; x_wconf 78' lang='lat' dir='ltr'>ver-</span> 
     </span>
    </p>

    <p class='ocr_par' dir='ltr' id='par_1_6' title="bbox 1558 3723 1659 3784">
     <span class='ocr_line' id='line_1_36' title="bbox 1558 3723 1659 3784; baseline 0 -26"><span class='ocrx_word' id='word_1_289' title='bbox 1558 3723 1601 3784; x_wconf 75' lang='grc'>9</span> <span class='ocrx_word' id='word_1_290' title='bbox 1629 3723 1659 3758; x_wconf 54' lang='lat'>4</span> 
     </span>
    </p>
   </div>
  </div>
 </body>
</html>
