2236 3932
662 192 926 242 'RERUM
972 204 1055 243 εἰ·
1102 200 1492 243 vnnssonmu.
1912 182 2037 245 387

215 356 296 390 res
327 336 548 391 Caesaris
584 341 817 389 -.266.
857 345 919 376 -4
970 339 1056 389 sed

216 414 314 470 jam
337 420 448 459 ante
474 409 760 469 bonoribus,
798 411 980 459 meritis
1008 421 1056 458 et

213 481 311 530 fide
336 491 572 543 spectatus
600 482 749 531 fuisse
777 481 966 530 videtur
986 506 1053 518 —

213 546 336 600 thul.
375 581 447 591 —
479 555 529 603 in
567 552 693 602 bello
721 552 845 600 civili
870 552 1055 600 videtur

212 621 428 685 Pompeii
455 633 614 686 partes
638 632 832 671 secutus
856 640 963 688 esse
986 652 1053 663 —

213 700 338 744 272.
373 720 443 731 -
491 693 676 755 quando
713 693 850 742 ltalia
890 712 1055 743 exces-

214 767 332 814 serit
357 790 424 802 --
457 769 560 816 245
576 782 650 826 sq.
677 794 747 803 —
778 783 883 814 cum
899 764 1054 815 Bruto

212 845 262 884 et
287 833 453 885 Cassio
487 837 537 884 in
563 836 732 886 Asiam
767 854 822 886 se
857 838 1054 886 contulit

210 907 374 968 ibique
409 909 630 969 pecunias
660 910 823 972 exegit
851 937 920 945 -
949 913 1051 958 265

211 995 289 1040 sq.
321 1007 396 1016 —
445 978 536 1033 fuit
585 980 801 1028 tribunus
845 980 1055 1028 militum

211 1051 260 1098 iu
293 1050 506 1111 partibus
540 1050 686 1100 Bruti
720 1061 768 1101 et
795 1048 948 1100 Cassii
989 1078 1049 1089 —-

214 1125 339 1171 244.
371 1150 442 1160 —
483 1131 592 1184 post
623 1139 831 1185 pugnam
868 1119 1054 1183 Philip-

212 1210 418 1254 pensem,
429 1209 486 1242 se
506 1195 750 1254 conjunxit
776 1209 881 1241 cnm
903 1191 1054 1242 Sexto

212 1259 443 1325 Pompeio
483 1293 543 1301 —
584 1269 686 1314 246
711 1281 786 1326 sq.
822 1270 945 1314 266.
981 1289 1052 1301 —

213 1336 439 1395 quamdiu
485 1335 612 1397 apud
658 1334 783 1384 hunc
827 1338 1055 1385 manserit

212 1432 281 1443 —
311 1413 431 1457 247.
456 1432 526 1442 —
564 1406 733 1456 deinde
759 1406 818 1454 ad
840 1405 916 1456 M.
948 1406 1054 1455 Au-

213 1479 392 1526 tonium
416 1479 603 1526 transiit
619 1504 689 1513 —
710 1482 896 1540 247sq.
930 1484 1052 1528 266.

214 1554 318 1599 276
338 1566 410 1611 sq.
427 1575 495 1586 --
513 1567 715 1610 quocum
733 1550 1055 1599 Alexandriae

214 1622 335 1671 vixit
370 1631 418 1670 et
446 1638 634 1684 pugnae
654 1620 884 1671 Actiacae
908 1623 1053 1670 inter-

215 1691 307 1741 suit
334 1721 396 1729 —
428 1698 549 1742 248.
580 1698 701 1743 266.
733 1722 793 1729 —
825 1704 933 1755 post
959 1694 1057 1742 cla-

214 1762 324 1812 dem
349 1760 600 1812 Actiacam
636 1781 732 1813 non
768 1773 959 1814 secutus
982 1773 1057 1815 est

216 1833 485 1884 Antonium
509 1834 850 1899 inAegyptum
871 1836 1057 1899 fug-ien-

216 1915 341 1969 tem,
391 1907 477 1955 sed
514 1910 563 1955 in
600 1903 798 1956 Graecia
833 1909 1059 1956 remansit
1116 1921 1121 1926 “

215 2004 290 2014 —
324 1983 446 2028 266.
481 2005 555 2016 —
586 1996 683 2027 non
707 1978 895 2029 videtur
930 1987 1057 2030 recta

214 2059 315 2096 tum
350 2047 573 2099 Athenas
605 2050 932 2112 contendisse,
975 2051 1058 2099 sed

220 2122 272 2164 in
305 2121 459 2168 vicina
503 2122 660 2184 aliqua
696 2122 811 2170 urbe
843 2122 1058 2171 latitasse

223 2217 288 2225 —
319 2196 414 2242 261
434 2208 508 2253 sq.
529 2220 588 2228 —
602 2247 607 2251 ,
620 2202 666 2242 et
691 2196 848 2243 serius
867 2193 1058 2243 demum

218 2257 439 2310 Athenas
466 2278 519 2310 se
542 2265 891 2313 contulisse—
934 2270 1054 2315 263.

220 2357 290 2367 —
338 2333 525 2393 qnando
569 2338 791 2395 petivisse
839 2335 1057 2386 Athenas
1079 2382 1091 2390 .

220 2401 437 2451 videatur
463 2433 533 2442 —
560 2410 677 2457 266.
709 2436 770 2444 —
810 2408 876 2456 ibi
911 2410 1058 2456 inter·

219 2473 374 2525 sectus
421 2484 495 2523 est
539 2491 566 2524 a
616 2474 682 2542 Q.
731 2476 867 2528 Attio
910 2478 1057 2543 Varo,

222 2547 464 2607 copiarum
491 2546 638 2607 duce,
677 2567 815 2611 quem
838 2548 1059 2600 Octavia-

219 2634 311 2665 nus
348 2617 455 2666 ideo
491 2635 549 2668 eo
580 2621 768 2670 miserat
807 2651 868 2659 —
900 2629 967 2673 80
982 2639 1055 2685 sq.

222 2692 343 2738 264.
384 2694 505 2739 266.
549 2719 609 2727 -
658 2708 754 2740 nou
787 2695 1060 2743 interfectus

221 2770 294 2810 est
316 2778 341 2808 a
368 2758 433 2811 L.
454 2758 609 2810 Vario
639 2771 777 2824 poeta
810 2793 867 2802 -
906 2771 969 2816 79
984 2783 1057 2828 sq.

221 2832 407 2895 quando
441 2833 507 2882 ibi
535 2835 717 2884 occisus
743 2837 807 2884 sit
836 2863 897 2873 —
938 2842 1058 2888 266.

221 2929 291 2942 -
311 2905 436 2954 salso
453 2906 668 2955 nonnulii
685 2923 792 2955 enm
811 2907 900 2957 snb
916 2906 1061 2957 finem

166 3024 174 3033 ,
222 2992 270 3025 a.
303 2973 368 3026 U.
407 2981 531 3027 723.
570 2988 818 3038 praesente
852 2977 1062 3029 Athenis
1145 2984 1153 2990 “

224 3043 493 3097 Octaviano
543 3049 843 3098 intersectum
898 3060 1063 3112 putant

226 3145 287 3155 —
330 3123 524 3182 249sq.
564 3125 685 3170 256.
725 3126 822 3171 261
846 3137 954 3184 sqq.
992 3150 1061 3160 —

138 3235 141 3238 .
223 3190 526 3244 cenantibus.
550 3191 710 3244 elan·
739 3194 833 3254 jam
870 3202 978 3248 ante
1013 3211 1058 3244 a.

224 3257 286 3309 U.
326 3266 446 3313 710.
490 3291 548 3301 -
599 3268 720 3314 269.
758 3269 859 3314 272
878 3280 954 3327 sq.
993 3290 1063 3303 -

224 3331 283 3380 de
301 3333 583 3384 carminibus
602 3337 707 3395 ejus
733 3343 782 3384 et
806 3338 1062 3386 carminum

224 3403 440 3465 reliquiis
482 3431 544 3443 —-
584 3410 687 3456 269
701 3422 809 3468 sqq.
845 3432 916 3444 —
950 3406 1061 3457 lau·-

222 3473 366 3524 datur.
380 3484 572 3538 propter
593 3477 773 3540 degi·-
789 3506 849 3515 —
874 3483 973 3530 2⁴2
985 3496 1060 3542 sq.

223 3573 294 3583 —
332 3548 438 3607 ejus
461 3547 635 3596 mentio
658 3546 916 3598 honorilice
940 3551 1063 3599 tincta

137 3655 139 3658 ,
223 3617 283 3668 ιι»
306 3614 509 3683 nonus
542 3643 616 3656 -
648 3622 754 3687 aas
790 3620 913 3676 mu..
941 3627 1059 3674 232.

1192 344 1294 390 267
1313 355 1388 401 sq-
1426 364 1498 375 --
1542 339 1749 388 fueritne
1786 357 1891 390 cum
1924 334 2030 391 Ho-

1190 429 1243 459 ra
1249 412 1313 458 tio
1325 411 1528 459 amicitia
1540 413 1814 473 conjunctus
1824 436 1894 449 —-
1909 418 2029 463 267.

1193 510 1253 519 —
1294 483 1486 543 scripsit
1507 483 1650 541 etiam
1672 481 1937 544 tragoedias
1959 511 2024 522 --

1189 558 1292 602 270
1308 570 1416 614 sqq.
1440 546 1519 590 ⁵-
1557 552 1746 609 videtur
1764 551 2030 616 Thyestem

1186 625 1439 684 scripsisse
1467 649 1535 661 —
1565 628 1794 675 81..270.
1818 628 1939 674 273.
1958 650 2030 661 -

1160 698 1162 701 ’
1187 712 1332 755 quam
1355 694 1645 757 tragoediam
1663 696 1793 745 flato
1809 696 1902 744 sibi
1918 697 2029 746 vin-

1188 766 1392 815 dicatam
1419 763 1507 815 sno
1531 768 1729 824 nomine,
1750 764 1900 823 edidit
1929 782 2027 814 non

1156 874 1158 877 f
1190 834 1456 886 LVarius
1479 846 1626 898 poeta,
1651 859 1723 875 ²-
1741 843 1935 900 -Zfisqq-
1957 863 2030 875 -

1187 908 1274 958 sed
1298 906 1364 973 Q.
1391 906 1560 958 Attius
1583 907 1745 959 Varus
1772 935 1844 947 -
1869 914 1937 960 82
1951 926 2028 972 sq.

1187 1002 1259 1015 —
1293 981 1483 1040 scripsit
1519 981 1662 1029 etism
1697 979 1900 1039 Brutum
1933 989 2030 1029 tra-

1186 1050 1403 1112 goediam
1416 1076 1484 1086 -
1497 1056 1617 1101 270.
1629 1057 1831 1102 273.-
1841 1051 2029 1114 quando

1188 1119 1310 1176 hanc
1343 1122 1552 1170 fabulam
1586 1123 1841 1184 scripsisse
1868 1123 2030 1172 videa-

1188 1201 1268 1241 tur
1299 1218 1370 1230 -—
1410 1198 1531 1243 272.
1573 1222 1656 1249 -χ
1688 1195 1878 1256 scripsit
1914 1192 2032 1257 Epi-

1188 1274 1445 1326 grammata
1480 1293 1553 1302 —
1589 1270 1690 1315 273
1726 1282 1831 1328 sqq.
1873 1293 1935 1303 -
1982 1269 2034 1314 in

1188 1335 1362 1397 quibus
1407 1337 1682 1395 perstrinxit
1718 1334 2034 1386 Octavianum

1187 1405 1312 1468 apud
1349 1403 1559 1457 Sextum
1595 1404 1876 1469 Pompeium
1918 1425 2034 1458 ver-

1187 1493 1298 1526 sans
1333 1504 1405 1512 —
1441 1482 1564 1527 247.
1604 1503 1669 1512 —
1719 1479 1940 1528 videntur
1974 1481 2034 1528 ab

1188 1565 1248 1597 eo
1283 1550 1542 1610 composita
1573 1547 1668 1599 duo
1695 1552 2033 1613 epigrammata

1187 1621 1236 1668 in
1254 1617 1587 1683 Octavianum,
1622 1638 1744 1683 quae
1773 1619 2031 1672 Suetonius

1190 1693 1294 1741 sine
1324 1693 1516 1757 nomine
1549 1694 1758 1744 auctoris
1791 1691 1931 1743 affert
1961 1719 2026 1731 —

1192 1768 1294 1814 275
1316 1779 1425 1825 sqq.
1454 1788 1527 1800 —
1563 1766 1913 1828 epigrammatis
1937 1766 2034 1814 sra-

1189 1844 1432 1898 gmentum
1458 1832 1599 1894 habet
1621 1834 1944 1903 Quintilianus
1962 1865 2034 1874 -—

1194 1910 1314 1957 274.
1367 1934 1428 1942 —-
1499 1907 1644 1957 verba
1706 1908 1768 1957 ad
1827 1916 2033 1958 statuam

1193 1976 1446 2030 Octaviani
1456 1975 1636 2028 Romae
1648 1980 1900 2041 adscripta,
1913 1997 2035 2043 quae

1192 2047 1448 2105 Suetonius
1472 2048 1633 2111 affert,
1666 2068 1761 2109 non
1786 2059 1896 2109 sunt
1923 2069 2034 2114 pro-

1192 2121 1313 2171 secta
1338 2120 1396 2169 ab
1428 2138 1487 2170 eo
1511 2149 1580 2161 -
1606 2127 1708 2173 282
1729 2140 1801 2186 sq.
1833 2150 1895 2160 --
1928 2125 2034 2183 eius

1193 2191 1439 2255 Epistulae
1472 2191 1544 2241 ·ad
1582 2190 1896 2243 Octavianum
1936 2193 2034 2243 fra-

1190 2273 1432 2327 gmentum
1458 2266 1663 2314 servavit
1690 2263 1946 2315 Suetonius
1967 2293 2030 2303 --

1193 2341 1315 2386 283.
1337 2341 1460 2385 290.
1501 2363 1564 2373 --
1604 2337 1790 2399 quaudo
1828 2336 1935 2386 data
1972 2339 2036 2386 sit

1191 2404 1310 2456 haec
1334 2407 1537 2469 epistola
1562 2408 1622 2456 ad
1637 2403 2034 2460 Octavianum—

1192 2482 1294 2529 283
1314 2495 1387 2540 sq.
1428 2504 1497 2516 —
1544 2488 1735 2540 putatur
1777 2482 1921 2529 etiam
1961 2482 2034 2529 in-

1192 2558 1323 2613 tegra
1354 2547 1509 2599 Cassii
1533 2548 1806 2630 Parmensis
1832 2553 2035 2614 epistola

1193 2621 1254 2669 ad
1300 2602 1597 2672 Ciceronem'
1629 2622 1737 2672 data
1779 2639 2034 2685 superesse

1193 2693 1241 2741 in
1272 2690 1373 2742 Cic.
1410 2691 1566 2756 Epist.
1604 2717 1674 2732 —
1696 2695 1937 2758 290sqq.
1962 2721 2033 2732 —

1193 2763 1276 2813 sed
1311 2781 1367 2814 ea
1402 2782 1499 2814 non
1534 2774 1608 2818 est
1643 2766 1701 2816 ab
1735 2783 1793 2816 eo
1824 2765 2032 2828 prosecta

1192 2859 1264 2872 —-
1301 2842 1401 2886 29³
1417 2854 1526 2900 sqq.
1558 2863 1628 2874 -—
1664 2854 1693 2887 a
1727 2855 1820 2901 quo
1858 2839 2033 2901 scripta

1193 2923 1302 2958 esse
1326 2903 1553 2958 videatur
1573 2907 1691 2958 haec
1728 2910 1925 2970 epistola
1962 2935 2031 2947 —

1194 2984 1293 3028 291
1312 2996 1418 3042 sqq.
1445 3006 1515 3016 —
1538 2982 1664 3031 male
1688 2981 1892 3029 refertur
1909 2983 2034 3030 inter

1193 3048 1444 3100 historicos
1463 3048 1700 3101 Romanos
1725 3077 1794 3088 —
1816 3056 1915 3103 283
1933 3062 2031 3100 not.

1198 3147 1259 3159 -
1293 3121 1496 3185 detiique
1537 3140 1703 3186 poema
1729 3120 1916 3184 Orphei
1951 3141 2035 3172 uo-

1195 3194 1320 3244 mine
1354 3195 1634 3258 inscriptum
1668 3193 1726 3244 ad
1755 3211 1863 3243 eum
1888 3195 2036 3244 reser-

1195 3273 1272 3313 tur
1306 3275 1572 3328 auctorem,
1615 3266 1702 3315 sed
1736 3283 1832 3316 non
1865 3275 1938 3315 est
1974 3267 2036 3314 ab

1195 3352 1252 3385 eo
1280 3339 1591 3400 compositum
1613 3363 1687 3375 --
1711 3342 1813 3388 295
1832 3354 1939 3399 sqq.
1971 3365 2030 3375 —-

1195 3410 1301 3469 quis
1323 3408 1445 3466 illud
1471 3410 1714 3470 scripserit
1741 3435 1802 3444 -
1828 3415 1950 3459 299.
1969 3438 2035 3447 —-

1197 3481 1276 3543 qni
1311 3479 1436 3542 illud
1471 3480 1705 3530 ediderint
1728 3506 1800 3517 —
1829 3486 2035 3531 298.—

1168 3551 1378 3615 .elegias
1409 3551 1520 3607 libri
1554 3547 1651 3610 ΠΙ.
1687 3549 1871 3601 Tibulli
1908 3566 2038 3598 com-

1195 3623 1696 3687 posuissgpntatur—
1713 3626 1812 3676 375
1828 3619 1956 3678 ΑΜ.
1970 3646 2038 3659 ·-

1538 3705 1617 3768 25
1646 3707 1677 3743 ⁴⁸
1774 3734 1777 3737 ·
