2236 3932
133 162 145 166 -
228 126 358 189 336
811 146 893 185 DE
941 142 1166 185 cAssxo
1207 142 1574 184 PARMENSI.

226 282 502 354 μυκτῆρος
548 274 731 334 ἐδόκει
776 278 895 339 τοῖς
949 272 1319 348 γραφομένοις
1371 273 1464 329 καὶ
1510 273 1913 344 πλαττομένοις
1954 269 2127 347 Ἡρα-

229 373 392 437 uste-eg
426 370 756 445 προσώποις
792 366 1030 441 ἐμφερὲς
1067 364 1210 435 ἔχειν
1237 367 1296 423 τὸ
1325 364 1669 443 ἀρρενωπόν.
1740 363 1952 444 Atque
1989 383 2132 422 col·-

233 481 352 542 pus
398 457 536 542 ejus
583 457 846 518 libidine
887 455 1186 534 vitaeque
1230 454 1464 516 deliciis
1507 463 1637 516 tam
1677 477 1904 538 parum
1947 475 2133 516 ener-

232 566 454 623 vatum
486 564 600 634 est,
644 562 716 615 ut
737 555 843 617 vel
868 554 1266 635 provectiore
1295 561 1510 632 aetate,
1554 555 1611 641 si
1637 576 1741 616 res
1781 575 1853 616 ac
1880 561 2133 635 tempus

231 659 446 745 ferret,
489 657 782 716 laborum
808 652 1119 733 famisque
1149 657 1316 713 esset
1348 655 1885 732 patientissimlun.
1943 654 2135 714 Prae·-

231 766 405 820 terea
462 776 499 816 a
548 753 884 814 Plutarcho
942 772 998 812 c.
1041 751 1148 811 43.
1206 751 1538 813 laudantur
1605 754 1675 814 in
1731 774 1810 815 eo
1871 754 2132 832 εὐγένεια,

232 853 366 926 λόγι’-3
404 849 663 920 δύναμις,
719 844 996 921 ἁπλότης,
1043 846 1108 903 τὸ
1146 846 1464 921 φιλόδωρον
1502 848 1594 905 καὶ
1625 847 2038 926 μεγαλόδωρον,
2099 845 2135 924 ἡ

233 945 366 1020 περὶ
401 946 499 1010 τὰς
535 941 769 1008 παιδιὰς
804 940 899 997 καὶ
933 941 1035 1008 τὰς
1070 936 1293 1011 ὁμιλίας
1327 937 1688 1014 εὐτραπελία,
1728 959 1961 1020 easque
2001 940 2137 1002 vir-

234 1041 402 1095 tutes
420 1078 440 1112 ,
509 1052 638 1113 quo
695 1029 1046 1092 difficiliora
1089 1037 1272 1093 erant
1329 1038 1395 1092 et
1438 1034 1790 1115 angustiora
1830 1042 2136 1115 tempora,

232 1155 310 1195 eo
371 1131 832 1213 conspectiores
892 1131 1131 1192 solebat
1188 1131 1530 1212 explicare.
1617 1131 1805 1205 ,Nam
1818 1177 1839 1210 ,
1884 1140 1956 1192 ut
1997 1134 2137 1214 pul-

234 1232 388 1294 chre
431 1232 521 1292 ait
559 1230 930 1291 Plutarchus
973 1251 1030 1291 c-
1065 1232 1200 1309 17.,
1246 1230 1413 1308 φύσει
1447 1235 1601 1310 παρὰ
1636 1235 1733 1302 τὰς
1762 1233 2138 1309 κακοπραγίας

235 1325 442 1401 ἐγίνετο
476 1325 763 1397 βέλτιστος
801 1323 970 1382 {aevu}
1003 1325 1099 1382 καὶ
1147 1329 1422 1397 δυστυχῶν
1457 1323 1782 1400 ὁμοιότατος
1815 1325 1882 1404 ἦν
1918 1325 2136 1403 ἀγαθῷ.

234 1417 443 1478 Mores
511 1412 644 1500 ejus
715 1415 1158 1496 animumque,
1225 1417 1293 1477 in
1367 1440 1489 1499 quo
1544 1420 1777 1479 mirum
1830 1419 2140 1481 virtutum

238 1515 670 1596 vitiorumque
744 1522 1067 1576 certamen
1133 1515 1325 1578 fuisse
1379 1519 1608 1600 liquet,
1681 1519 1959 1581 breviter
2027 1519 2140 1579 sed

237 1606 388 1678 vere
431 1615 714 1698 depingit
756 1614 877 1675 Dio
924 1614 1182 1676 Cassius
1225 1613 1400 1679 Libr.
1430 1619 1540 1680 LI.
1587 1638 1640 1680 c-
1676 1618 1777 1683 15.
1820 1618 2037 1702 ibique
2076 1637 2140 1680 V.

238 1714 559 1776 Fabricius
600 1713 747 1774 Vol.
781 1713 892 1775 VI.
938 1735 1001 1800 p.
1037 1715 1138 1776 13.
1172 1714 1338 1776 Strz.

415 1855 750 1940 Ingenium
807 1855 889 1918 ad
933 1852 1273 1919 dicendum
1332 1859 1394 1920 ei
1439 1860 1635 1923 fuisse
1684 1861 1940 1925 videtur
2002 1880 2149 1921 me-¹

241 1957 455 2019 diocre
471 2001 491 2034 ,
561 1957 732 2038 quod
787 1961 1000 2018 tamen
1055 1959 1108 2018 si
1164 1959 1372 2020 studio
1430 1968 1491 2022 ct
1544 1961 1951 2022 meditatione
2004 1980 2148 2020 ma·-

238 2058 461 2119 luisset
504 2055 801 2117 excolere
844 2078 1042 2137 quam
1099 2078 1324 2140 corpus
1376 2059 1630 2122 militiae
1674 2061 1999 2122 laboribus
2041 2079 2145 2119 as-

244 2157 600 2233 suefacere,
644 2152 952 2240 majorem
993 2156 1259 2219 fortasse
1299 2160 1566 2240 adeptus
1610 2156 1817 2222 fuisset
1852 2143 2143 2219 daudem.

242 2257 402 2318 Nam
445 2255 499 2316 si
540 2265 836 2317 narratur
879 2257 1145 2319 dicendo
1191 2278 1381 2340 saepe
1423 2257 1784 2339 protulisse,
1830 2259 2004 2339 quod
2047 2258 2148 2320 vi-

247 2359 507 2418 deretur
564 2354 737 2415 haud
794 2355 1201 2435 indisertum,
1277 2363 1343 2419 et
1407 2358 1596 2418 laude
1650 2358 1938 2441 populari
1995 2378 2148 2439 pro-

248 2475 564 2537 speroque
625 2462 861 2518 eventu
926 2458 1474 2538 comprobaretur3
1547 2455 1997 2518 existimandus
2057 2463 2150 2517 est

246 2556 519 2616 multum
573 2555 765 2615 etiam
823 2552 1107 2617 effecisse
1172 2554 1369 2617 animi
1441 2558 1827 2637 laterumque
1895 2557 2147 2632 robore,

247 2657 594 2719 verborum
660 2653 838 2713 inani
909 2675 1143 2737 pompa
1198 2662 1262 2718 et
1319 2653 1700 2739 adjumentis
1763 2656 2150 2716 extrinsecus

249 2753 587 2833 assumptis
603 2797 622 2829 ,
666 2753 755 2812 ita
797 2759 870 2813 ut
910 2766 1392 2838 nonnumquam
1433 2775 1586 2818 vere
1628 2755 1974 2836 tragoedias
2007 2773 2152 2836 age-

250 2860 370 2915 ret.
457 2851 696 2912 Romae
740 2851 981 2934 Epidio
1024 2857 1261 2918 rhetori
1303 2856 1532 2917 Latino
1577 2873 1838 2936 operam
1876 2854 2151 2929 dederat,

253 2958 508 3014 auctore
553 2948 861 3012 Suetonio
908 2954 987 3014 de
1033 2954 1194 3016 Clar.
1238 2956 1421 3018 Rhet.
1467 2975 1522 3015 c.
1569 2955 1633 3014 4.
1716 2953 1960 3013 Deinde
2000 2971 2152 3012 usus

254 3053 444 3114 etiam
500 3056 594 3112 est
647 3052 946 3133 magistro
1001 3056 1181 3115 Sext.
1233 3054 1452 3118 Clodio
1497 3073 1534 3116 e
1579 3052 1823 3130 Sicilia,
1889 3050 2155 3110 Latinae

255 3153 442 3212 simul
499 3150 908 3231 Graecaeque
964 3151 1362 3234 eloquentiae
1403 3134 1698 3237 magistro
1716 3196 1736 3229 ,
1794 3157 1864 3211 ut
1904 3157 2160 3212 testatur

256 3251 592 3312 Suetonius
633 3249 676 3308 l.
721 3268 771 3309 c·
822 3268 874 3310 c.
905 3250 964 3311 5.
1063 3253 1206 3315 Non
1247 3255 1517 3315 multum
1558 3251 1707 3312 fidei
1749 3250 2158 3310 tribuendum

255 3371 396 3412 esse
450 3350 705 3412 videtur
749 3345 1037 3411 Ciceroni
1078 3353 1366 3414 irridenti
1407 3352 1601 3414 istum
1642 3349 1964 3410 rhetorem
1978 3389 1999 3424 ,
2057 3345 2159 3406 cui

259 3452 387 3511 duo
445 3447 646 3509 millia
702 3444 999 3530 jugerum
1043 3453 1248 3533 campi
1290 3451 1591 3513 Leontini
1635 3452 1714 3510 ab
1758 3449 1845 3509 Μ.
1889 3444 2159 3507 Antonio

259 3550 568 3633 assignata
608 3543 858 3610 fuerant
900 3567 1099 3632 eaque
1155 3551 1494 3629 immunia,
1553 3549 1700 3631 quia
1739 3546 1896 3608 nihil
1937 3563 2159 3627 sapere
