2236 3932
229 147 354 208 294
804 169 885 209 nn
932 167 1158 209 CASSIO
1205 160 1571 208 PARMENsl.

230 323 381 362 rum
436 311 510 362 tu
567 301 746 362 test-is
789 322 855 361 es
869 344 891 374 ,
938 299 1168 380 faisse
1199 301 1447 379 judices
1461 345 1483 376 ,
1559 324 1793 385 meque>
1823 307 1918 364 ad
1961 305 2130 387 opt-1⁰-

230 406 409 461 m'am
450 423 628 483 spem
663 398 931 482 patriae
981 420 1118 458 ‘non
1157 399 1504 460 minimum
1544 401 1670 462 tibi
1717 402 1850 484 ipst‘
1882 406 2132 486 produ-

229 502 504 560 cendum
537 503 801 581 putes.“
885 497 991 557 Ex
1032 498 1155 559 hoc
1196 500 1336 560 loco
1381 508 1563 561 acute
1605 502 1767 563 vidit
1791 502 2131 563 Schiitzius

227 599 527 680 intelligi,
601 597 975 676 scriptorem
1034 595 1222 679 hujus
1294 599 1593 678 epistolae
1667 601 2133 661 adolescentem

115 737 117 739 -
227 696 442 756 fuisse.
530 695 613 755 Et
655 695 882 774 quovis
926 701 1108 774 pacto
1153 698 1618 775 contenderim,
1667 698 1952 759 Cassium
1981 700 2135 758 Par-

228 815 516 856 mensem
557 815 691 854 non
735 793 1089 873 scripsisse:
1146 793 1394 854 similia
1433 795 1567 856 illis
1617 796 2133 876 cogz‘tatiom'fflw,

210 895 342 954 -sed
399 892 818 968 facinoribuS,
882 913 1156 974 Quorum,
1211 903 1287 953 tu
1329 894 1516 954 *testis
1556 895 1753 956 fuisti.
1840 897 2134 977 Denique

231 999 304 1052 ut
347 991 508 1054 hanc
551 992 878 1073 epistolam
921 1011 958 1051 a
1003 991 1219 1053 Cassio
1262 994 1620 1072 Parmensi,
1684 996 1942 1062 homine
1987 1017 2135 1056 eru-

231 1093 364 1153 dito
408 1098 475 1153 et
512 1100 739 1174 poeta,
784 1096 1113 1152 exaratam
1141 1103 1282 1153 esse
1311 1093 1548 1170 dicam,
1594 1094 1912 1155 dissuadet
1943 1095 2135 1154 totius

230 1192 535 1271 epistolae
612 1191 776 1254 ratio
846 1196 911 1251 et
993 1191 1291 1252 orationis
1379 1193 1574 1253 color.
1718 1194 1882 1254 Vere
1967 1194 2139 1254 enim

229 1289 551 1351 Weiskius
590 1291 635 1350 l.
666 1310 720 1352 c.
765 1289 1129 1371 „Epistola,
1172 1291 1410 1371 inquit,
1453 1311 1586 1352 non
1614 1291 1685 1350 in
1710 1298 1882 1369 toto,
1929 1294 2039 1352 sed
2072 1293 2140 1352 in

230 1390 512 1471 partibus
555 1390 904 1472 probanda.
990 1389 1253 1449 Initium
1294 1388 1367 1450 fit
1409 1410 1446 1450 a
1489 1391 1945 1453 declamatione
1990 1392 2139 1458 satIs

229 1490 473 1570 inepta,
518 1506 682 1570 quae
723 1488 936 1549 nescio
980 1489 1135 1568 quid
1176 1490 1387 1571 magni
1428 1487 1608 1572 jubet
1638 1510 1921 1570 sperare,
1968 1491 2139 1571 quod

230 1589 534 1670 epistolae
592 1588 820 1649 modus
873 1608 1002 1648 non
1061 1587 1279 1668 capiat.
1367 1586 1498 1649 Sed
1541 1595 1684 1669 post
1726 1590 1966 1670 aliquot
2006 1589 2140 1650 for—

232 1689 433 1748 mulas
515 1687 822 1749 oratorias
894 1687 1280 1748 sublimioris
1360 1688 1652 1749 dictionis
1685 1686 1689 1690 ’
1720 1696 1973 1769 peracta
2046 1695 2141 1748 est

233 1807 472 1848 caussa.
558 1785 715 1847 Inde
759 1807 796 1847 a
839 1793 890 1860 §.
922 1788 984 1848 3.
1030 1787 1233 1848 oratio
1263 1785 1335 1846 fit
1376 1787 1732 1868 popularis:
1777 1794 1840 1848 et
1862 1793 2140 1869 apparet,

233 1907 540 1968 quorsum
598 1887 708 1946 illa
763 1886 942 1967 quasi
1006 1886 1372 1968 panegyrici
1442 1886 1752 1967 particula
1811 1887 2140 1968 spectaritt

234 1987 370 2049 vult
413 2006 484 2047 se
512 1986 723 2066 ipsum
756 1986 1198 2047 commendare
1227 1985 1512 2067 scriptor.
1570 1987 1708 2047 Hoc
1737 1985 1887 2047 facit
1914 1987 2142 2048 melius

235 2092 300 2148 et
343 2085 674 2167 copiosius.
773 2084 915 2146 Non
971 2085 1108 2147 vult
1162 2104 1200 2146 a
1245 2084 1546 2146 Cicerone
1562 2128 1582 2162 ,
1638 2091 1710 2144 ut
1749 2085 1855 2147 hic
1897 2086 2142 2167 promi-

235 2191 433 2262 serat,
479 2185 614 2245 aliis
656 2183 1116 2261 commendari,
1166 2186 1277 2245 sed
1319 2185 1440 2265 ipsi
1481 2184 1690 2266 potius
1734 2187 2141 2246 commenda·

233 2291 333 2346 tus
379 2304 552 2347 esse:
621 2305 743 2346 nec
797 2285 1072 2366 postulat
1127 2284 1266 2365 plus
1280 2328 1301 2361 ,
1366 2303 1560 2365 quam
1616 2290 1686 2344 ut
1727 2300 1891 2346 unus
1935 2285 2017 2345 sit
2059 2285 2140 2345 de

234 2385 451 2446 multis
470 2427 493 2460 ,
570 2404 731 2464 quos
794 2384 1015 2444 Cicero
1071 2382 1353 2445 foveat.“
1439 2386 1608 2445 Haec
1651 2385 1865 2444 omnia
1912 2385 1974 2445 si>
2010 2384 2141 2443 sin—

233 2504 378 2546 cere
421 2483 921 2566 reputaverimus
938 2527 958 2560 ,
1002 2502 1136 2543 non
1177 2484 1524 2564 poterimus
1552 2482 1708 2564 quin
1736 2481 2141 2566 rejiciendam

234 2602 374 2646 esse
406 2584 696 2644 dicamus
739 2583 1115 2644 sententiam
1172 2585 1252 2644 de
1299 2584 1512 2645 Cassio
1555 2584 1914 2660 Parmensi,
1969 2572 2142 2643 illius

235 2683 539 2766 epistolae
572 2684 892 2764 scriptore,
937 2689 1002 2744 et
1026 2681 1351 2758 fateamur,
1397 2683 1477 2743 de
1491 2678 1721 2765 juvene
1746 2683 1956 2763 potius
1976 2682 2143 2763 cogi-

235 2784 500 2845 tandum
531 2796 687 2843 esse.
743 2782 1206 2863 Quaerentibus
1232 2789 1465 2860 autem,-
1492 2783 1652 2843 sitne
1681 2795 1826 2844 cum
1841 2781 2140 2842 Schiitzio

236 2882 560 2944 habendus
604 2888 825 2942 auctor
851 2882 1155 2963 epistolae
1182 2882 1348 2942 illius
1379 2882 1456 2942 L.
1485 2881 1758 2958 Cassius,
1787 2881 2141 2941 Proconsu-

235 2984 331 3044 lis
359 3000 448 3044 ex
487 2980 684 3041 fratre
726 2981 889 3043 filius
902 3025 922 3059 ,
984 2982 1142 3041 nihil
1184 2983 1449 3062 amplius
1489 2982 1874 3063 respondere
1917 2979 2139 3054 ausim,

239 3103 434 3165 quam
471 3094 656 3163 posse
701 3099 851 3141 eum
905 3081 1183 3164 intelligi.
1269 3080 1546 3162 Epistola
1587 3081 1801 3162 prodit
1841 3076 2142 3162 juvenem

237 3183 612 3257 animosum,
655 3179 896 3261 patriae
922 3180 1349 3262 libertatisque
1379 3187 1714 3258 amantem,
1740 3179 1946 3240 laudis
1968 3177 2142 3257 cupi-

236 3283 391 3343 dum
422 3286 487 3343 et
507 3278 747 3340 ‘altiora
775 3278 1214 3359 adspirantem.
1302 3279 1525 3341 Talem
1556 3285 1769 3340 autem
1794 3278 1991 3338 fuisse
2029 3296 2144 3338 no-

236 3382 445 3445 vimus
477 3378 659 3439 illum
688 3376 766 3438 L.
796 3377 1093 3439 Cassium.
1163 3377 1230 3440 Is
1258 3380 1462 3461 patrui
1488 3386 1688 3441 castra
1715 3385 1960 3440 secutus
1988 3382 2141 3453 erat,

241 3480 504 3542 fortasse
560 3478 759 3541 invito
810 3482 1018 3560 patre,
1078 3499 1270 3559 quem
1313 3478 1752 3541 Caesarianum
1793 3468 1989 3539 finisse
2029 3487 2141 3537 v'e-

245 3579 690 3642 risimillimum
747 3582 872 3639 est:
944 3578 1073 3640 vid.
1133 3595 1316 3662 supra
1369 3587 1421 3653 ς.
1464 3580 1566 3642 13.
1667 3578 2007 3640 Strenuum
2050 3593 2139 3652 se,
