2236 3932
725 215 808 257 nn
854 216 914 256 1..
942 213 1150 257 viimo
1198 212 1437 254 roErA.
1938 189 2022 250 73

124 345 550 437 sapientibus,
575 351 715 413 aliis
730 394 751 427 ,
795 351 907 432 qui
950 349 1315 431 Quintilium
1357 347 1600 408 Varum
1636 345 2027 407 Cremonen-

125 476 262 517 sem
302 454 782 525 intellexenmt,
845 470 1118 531 eumque
1169 446 1240 509 in
1283 448 1413 509 suis
1454 446 1791 529 tragoediis
1831 447 2027 508 verba

125 561 194 615 et
248 551 449 636 jurgia
463 546 480 582 ’·
501 551 824 628 Thyestae
885 549 956 608 in
1013 541 1278 611 Atreum
1349 540 1717 609 exhibuisse
1789 545 2029 626 opinati

125 660 300 713 sunt:
362 650 536 732 q'uod
578 669 771 730 quam
811 648 1100 729 ineptum
1142 649 1254 726 sit,
1310 631 1381 708 in
1422 647 1636 728 aprico
1680 650 1796 706 est.
1874 643 2029 705 God.

124 751 363 812 Erfurt.
405 748 664 810 Marius
712 758 1070 830 gratus-qne
1084 793 1104 826 ‚
1186 770 1312 831 quo
1372 745 1768 809 emendatior
1837 743 2026 804 lectio

131 852 203 915 V
194 850 379 910 arim
419 849 762 910 stabilitur:
808 868 957 907 nam
998 847 1259 909 Marius
1303 853 1493 929 poeta
1535 866 1621 907 ex
1662 866 1727 909 v.
1758 845 1860 906 24.
1903 843 2032 904 hue

124 948 619 1028 vocari-nequit.
719 947 795 1008 N.
838 948 1129 1008 Heinsius
1169 948 1238 1007 in
1281 949 1468 1008 docta
1509 947 1590 1006 ad
1631 945 1696 1007 h.
1740 945 1787 1004 l.
1831 943 2034 1004 adno-

126 1050 364 1110 tatione
405 1048 528 1124 ait,
578 1048 633 1107 si
675 1045 948 1127 tyranni
982 1047 1333 1108 retineatur
1346 1092 1365 1124 ,
1427 1045 1853 1128 castigandum
1893 1062 2034 1104 esse

131 1149 206 1213 V
196 1170 381 1208 arms
435 1153 503 1208 et
559 1147 1030 1230 intelligendam
1073 1145 1248 1206 Varii
1298 1147 1649 1224 Thyestem
1662 1189 1683 1221 ‚
1740 1142 2038 1204 laudatis-

127 1249 356 1309 simam
411 1248 578 1328 apud
621 1253 866 1309 veteres
911 1246 1323 1327 tragoediam.
1424 1245 1601 1303 Hanc
1645 1240 2039 1303 emendatio-

127 1369 279 1409 nem
320 1367 449 1428 ‹suo
491 1347 703 1407 minus
745 1345 1040 1425 recipiat,
1099 1362 1169 1403 se
1212 1363 1289 1403 eo
1332 1342 1628 1423 impediri
1671 1342 1791 1418 ait,
1845 1340 2037 1422 quod,

127 1447 292 1508 hanc
373 1446 701 1526 epistolam
774 1464 974 1524 quum
1045 1442 1361 1502 scribebat
1430 1438 1692 1501 Ovidius
1706 1484 1727 1516 ‚
1802 1439 2037 1500 Varius

128 1547 266 1608 sine
324 1546 518 1606 dubio
570 1542 702 1626 jam
759 1543 1001 1603 dudum
1061 1541 1313 1601 obierit.
1415 1540 1553 1601 Hoc
1596 1544 2042 1622 argumentum

130 1665 324 1726 quam
366 1645 500 1706 vim
555 1642 815 1717 habeat,
880 1662 1015 1701 non
1059 1647 1337 1721 exputo:
1410 1638 1677 1701 Ovidius
1717 1637 1895 1699 enim
1936 1637 2042 1697 hic

129 1765 260 1806 non
304 1745 385 1804 de
428 1743 519 1804 eis
563 1749 815 1803 tantum
858 1741 1145 1820 loquitur
1171 1740 1408 1821 poem,
1455 1739 1566 1820 qui
1594 1738 1800 1799 adhuc
1825 1737 2044 1800 vivant

128 1842 524 1924 floreantque
540 1886 559 1920 ‚
630 1843 742 1902 sed
814 1841 1005 1902 etiam
1065 1839 1442 1900 memoriam
1507 1858 1735 1899 eorum
1801 1806 2042 1915 recolit,

130 1943 507 2026 quibuscum
551 1942 688 2023 ipse
704 1985 722 2016 ,
768 1961 911 2002 cum
954 1940 1025 1999 in
1066 1941 1288 2000 aetatis
1332 1939 1489 2000 flore
1523 1944 1723 2016 esset,
1767 1938 2042 2015 vixerat,

130 2063 419 2124 quosque
461 2062 644 2103 senes
684 2038 931 2123 juvenis
975 2040 1219 2100 viderat
1259 2045 1326 2100 et
1353 2039 1702 2101 audiverat.
1787 2036 1863 2098 Id
1896 2056 2044 2098 cum

130 2139 320 2225 hujus
348 2142 644 2203 carminis
672 2141 924 2201 initium
953 2139 1258 2216 declarat,
1303 2145 1442 2200 tum
1470 2139 1661 2200 etiam
1688 2159 1751 2201 v.
1783 2139 2044 2212 darent,

112 2263 264 2325 quo
306 2249 534 2324 aperte.
577 2261 680 2303 res
744 2240 1084 2322 praeterita
1142 2239 1543 2323 significatur.
1646 2238 1814 2300 Vidit
1854 2237 2047 2320 igitur

133 2341 400 2404 Ovidius
426 2342 684 2402 Varium
719 2341 786 2401 in
828 2359 1017 2402 scena
1060 2340 1326 2399 dantem
1347 2339 1520 2421 fera
1546 2337 1726 2399 dicta
1752 2334 2044 2418 tyranni,

134 2441 200 2501 h.
242 2461 300 2502 e.
347 2462 494 2503 cum
536 2442 755 2503 ederet
801 2446 868 2502 et
910 2441 1317 2520 spectandam
1357 2439 1693 2522 praeberet
1748 2437 1816 2497 in
1858 2455 2047 2498 scena

132 2541 486 2620 Thyestem
529 2540 949 2625 tragoediam=
997 2559 1148 2600 nam
1190 2560 1310 2599 usu
1350 2538 1600 2601 venisse
1642 2537 1896 2600 videtur
1911 2580 1931 2613 ,
1974 2540 2048 2595 ut

133 2641 445 2720 Thyestes
500 2641 621 2702 iste
664 2639 778 2700 κατ’
819 2641 1012 2716 ἐξοχὴν
1053 2646 1120 2701 et
1161 2639 1443 2701 absolute
1498 2649 1822 2719 tyrannus
1874 2636 2047 2698 dice-

131 2748 331 2802 retur.
431 2741 657 2823 Itaque
711 2741 997 2821 Heynius
1051 2740 1122 2799 in
1177 2737 1476 2799 Excursu
1518 2737 1601 2798 lI.
1662 2738 1744 2798 ad
1798 2718 2045 2819 Virgilii

132 2840 348 2925 Eclog.
387 2840 468 2902 V.
524 2863 590 2923 p.
639 2842 781 2904 195.
837 2847 906 2903 et
958 2838 1310 2901 Kordesius
1357 2840 1439 2900 ad
1480 2836 1856 2900 Eberhardti
1898 2837 2043 2896 libr.

145 2941 342 3002 Ueber
394 2942 459 3002 d.
512 2940 814 3003 Zastand
866 2941 980 3001 der
1021 2939 1304 3000 schiinen
1346 2939 1433 3005 W
1429 2937 1732 3000 issmwch.
1778 2935 1880 2997 bei
1919 2936 2044 2995 den

134 3040 447 3101 Ro'mern.
498 3041 754 3120 (Altona
803 3040 1017 3117 1801.)
1061 3047 1112 3114 §.
1142 3038 1248 3100 34.
1292 3061 1357 3121 p.
1387 3039 1532 3099 188.
1578 3037 1753 3099 omni
1794 3034 1935 3118 jure
1975 3035 2045 3095 in

138 3136 352 3199 Ovidii
423 3141 567 3202 loco
622 3141 1103 3202 rescribendum
1174 3143 1554 3199 censuerunt
1611 3136 1865 3201 Varius
1924 3155 2043 3216 pro

143 3237 215 3299 V
207 3259 403 3313 arus,
470 3241 643 3321 quod
686 3241 990 3301 mendum
1031 3240 1101 3300 in
1140 3237 1580 3300 recentissimis
1622 3241 1850 3317 poetae
1893 3234 2047 3298 Sul-

140 3338 464 3399 monensis
508 3340 892 3400 editionibus
932 3339 1251 3420 hodieque
1295 3357 1663 3419 comparere
1704 3335 1926 3396 miror.

308 3437 568 3499 Praeter
609 3438 916 3515 carmina,
970 3458 1134 3520 quae
1188 3438 1655 3513 recensuimus,
1727 3455 1811 3496 an
1864 3433 2048 3517 quid-

136 3555 332 3616 quam
403 3537 574 3598 aliud
632 3523 949 3618 scripserit
1003 3537 1082 3600 L.
1125 3537 1389 3615 Varius,
1462 3536 1807 3620 ignoratur.
1903 3532 2047 3595 Non

138 3654 400 3717 possum
443 3645 656 3700 tamen
697 3637 855 3720 quin
895 3657 1047 3701 eum
1089 3638 1172 3701 de
1195 3635 1476 3721 Virgilii,
1518 3633 1705 3699 amici
1741 3634 1875 3713 sui,
1916 3633 2045 3697 vita
