2236 3932
692 176 771 215 DE
817 174 1042 216 cAss1o
1090 172 1454 214 PARMENSI·
1909 148 2030 211 261

131 319 286 375 erat.
386 310 494 394 Sic
546 310 885 371 hibernum
939 317 1187 390 tempus
1242 309 1459 392 legatis
1526 307 1692 366 ultro
1750 305 2031 386 citroque

130 412 448 473 mittendis
516 415 581 471 et
652 410 821 469 bello
897 411 1255 490 apparando
1326 411 1709 468 transactum
1781 410 1876 465 est
1947 414 2030 480 et,

130 512 393 571 simulac
450 530 565 571 ver
619 513 977 588 appeteret,
1055 507 1439 569 Octavianus
1495 526 1615 587 per
1669 502 1926 582 Syriam
1970 509 2032 563 et

131 612 324 671 duces
381 606 516 691 ejus
558 628 676 689 per
715 606 997 667 Africam
1039 615 1261 667 contra
1304 607 1388 667 M.
1430 605 1774 684 Antonimn
1811 623 2033 664 move-

131 716 283 770 rtmt
325 715 391 770 et
432 708 752 786 utrimque
796 706 1244 766 Alexandriam
1288 707 1560 789 aggressi
1605 710 1769 765 sunt.

298 807 443 869 Jam
499 807 553 866 si
609 825 837 867 verum
896 812 1096 879 esset,
1175 808 1350 885 quod
1407 804 1862 886 Wesselingius
1913 823 2033 884 pro

130 913 300 968 certo
336 906 556 986 ponit,
603 904 886 966 Cassium
922 903 1330 965 Pal-mensem
1365 906 1642 966 occisum
1671 924 1842 981 esse,
1890 923 2036 964 cum

130 1005 512 1066 Octavianus
554 1012 695 1086 post
740 1024 1013 1087 pugnam
1055 1004 1379 1065 Actiacam
1426 1005 1698 1065 Athenas
1733 1003 2034 1079 venisset,

127 1106 198 1165 in
237 1104 571 1166 manifesto
629 1105 927 1186 turpique
985 1123 1202 1164 errore
1259 1103 1840 1184 deprehenderetur
1882 1101 2036 1163 Vel-

125 1202 286 1287 lejus
357 1204 755 1280 PaterculuS‚
842 1204 1156 1284 siquidem
1219 1224 1438 1264 rerum
1505 1209 1643 1263 tum
1713 1209 2037 1285 gestarum

128 1307 287 1366 ordo
307 1350 324 1381 ‚
398 1325 592 1385 quem
649 1303 985 1383 scriptores
1040 1302 1165 1363 fide
1222 1303 1620 1386 dignissimos
1681 1303 1879 1363 secuti
1922 1301 2038 1362 ex-

128 1405 494 1486 posuimuS‚
573 1404 790 1477 docet,
863 1401 935 1462 P.
995 1401 1355 1463 Turullium
1415 1422 1502 1462 ex
1558 1401 1711 1463 Julii
1756 1401 2036 1462 Caesaris

124 1504 604 1585 percussoribus
674 1500 868 1561 fuisse
927 1501 1258 1579 ultimum,
1333 1502 1442 1583 qui
1513 1507 1722 1562 morte
1793 1520 2033 1583 poenas

124 1603 551 1685 persolvisset.
640 1600 878 1660 Verum
908 1605 1123 1660 tamen
1151 1602 1499 1681 disputatio·
1516 1600 2035 1683 W‘esselingiana,

125 1702 416 1784 quamvis
461 1701 617 1761 scite
661 1700 1011 1782 excogitata
1045 1707 1111 1761 et
1138 1702 1447 1762 subtiliter
1477 1701 1863 1778 concinnata,
1905 1697 2038 1783 jam

125 1804 293 1884 apud
332 1800 792 1861 Ruhnkenium
838 1801 918 1860 ad
961 1798 1187 1884 Velleji
1227 1801 1467 1862 Patere.
1513 1800 1694 1860 Libr.
1723 1800 1808 1861 II.
1856 1821 1909 1861 c.
1931 1801 2036 1861 88.

125 1912 176 1976 §.
211 1905 267 1962 l.
310 1923 444 1962 non
488 1922 632 1961 eam
674 1900 895 1960 habuit
947 1901 1113 1978 Vim,
1173 1907 1239 1962 ut
1299 1899 1531 1984 'Velleji
1571 1901 1765 1962 fidem
1806 1901 1873 1960 in
1917 1902 2038 1961 du-

124 2002 304 2062 bium
346 2003 693 2063 vocandam
735 2007 1006 2082 putaret.
1095 2000 1315 2081 Neque
1356 1999 1612 2085 injuria!
1657 2002 1818 2062 Nam
1862 2003 2037 2084 quod

123 2102 571 2185 W'esselingius
598 2102 823 2178 sumit,
873 2101 1161 2162 Cassium
1186 2102 1612 2180 Parmensem‚
1659 2101 2035 2164 adveniente

126 2200 512 2278 Octaviano,
579 2201 846 2262 Athenis
903 2199 1036 2284 jam
1088 2201 1316 2280 fuisse,
1387 2203 1454 2262 id
1518 2202 1658 2264 veri
1716 2207 1811 2263 est
1855 2202 2035 2263 dissi-

123 2303 463 2363 millimum
520 2321 595 2362 ac
648 2302 980 2383 permultis
1035 2302 1241 2363 refelli
1297 2310 1536 2384 potest,
1600 2321 1764 2384 quae
1808 2321 2035 2382 quam-

128 2404 228 2465 vis
271 2408 335 2463 et
375 2402 513 2483 ipsa
554 2402 943 2482 anquirenda
989 2402 1114 2461 sint
1162 2401 1398 2464 fallacis
1444 2400 1843 2486 conjecturae
1888 2421 2033 2483 ope,

129 2509 342 2563 tamen
398 2501 601 2562 multo
656 2497 966 2584 majorem
1022 2502 1261 2564 habere
1329 2503 1663 2566 videantur
1730 2501 2032 2585 probabi-

122 2604 382 2663 litatem.

296 2702 583 2764 Primum
638 2723 767 2762 non
828 2708 925 2763 est
980 2705 1314 2782 credibile,
1386 2703 1672 2766 Cassium
1727 2702 2032 2764 Parmen-

124 2824 290 2879 sem,
372 2803 565 2884 partis
639 2801 1028 2864 Antonianae
1097 2805 1489 2887 principibus
1569 2809 1715 2888 post
1786 2803 2033 2864 cladem

124 2904 465 2969 Actiacamv
512 2903 581 2962 in
650 2904 929 2964 diversas
997 2906 1286 2987 regiones
1355 2904 1772 2989 fugientibus»,
1855 2907 2031 2963 recta

124 3003 405 3064 Athenas
450 3004 867 3064 contendisse.
952 3004 1027 3063 In
1071 3011 1243 3065 tanta
1270 3004 1688 3086 trepidatione
1715 3004 2033 3066 omnium-

126 3122 255 3184 que
311 3123 545 3184 pavore
603 3104 1004 3165 verisimilius
1065 3111 1158 3166 est
1213 3126 1362 3166 eum
1420 3104 1488 3164 in
1544 3105 1755 3167 vicina
1821 3104 2033 3183 aliqua

123 3204 285 3263 urbe
327 3202 686 3286 perfugium
731 3203 849 3263 sibi
901 3204 1362 3287 latibulumque
1418 3187 1821 3286 quaesivisse.
1908 3202 2032 3264 Ne·-

126 3323 252 3383 que
296 3322 335 3362 a
377 3322 532 3363 vero
574 3303 907 3380 abhorret,
961 3325 1108 3364 eum
1152 3326 1237 3366 ex
1278 3305 1356 3366 iis
1397 3305 1621 3381 fuisse,
1682 3305 1827 3385 qui,
1886 3324 2032 3364 cum

124 3424 211 3464 ex
268 3422 481 3485 pugna
535 3404 616 3463 ad
674 3403 1014 3464 Antonitun
1059 3404 1332 3466 Taenari
1387 3410 1886 3466 commorantem
1926 3403 2032 3463 su-

126 3503 395 3586 gissent,
463 3503 543 3563 ab
602 3523 680 3564 eo
739 3523 969 3565 navem
1026 3504 1378 3586 acciperent
1436 3525 1665 3587 magna
1722 3503 2031 3585 pecuniae

131 3602 198 3666 vi
252 3609 319 3665 et
373 3601 755 3687 supellectile
812 3603 983 3687 regia
1026 3611 1352 3685 onustam,
1412 3626 1485 3669 ac
1541 3602 1912 3689 juberentur
1954 3624 2031 3665 ea
