2236 3932
681 217 687 220 .
731 188 810 228 nn
862 187 1088 228 cAss1o
1134 187 1498 227 PARMENSI.
1934 168 2055 228 197
2121 233 2128 240 ,

148 327 364 388 tuisse.
451 325 714 407 Ingenio
756 324 953 407 igitur.
986 344 1103 385 suo
1145 314 1485 404 animoque
1517 322 1852 386 obsecutus
1883 324 2049 384 mul-

147 438 244 488 tos
286 427 356 485 in
398 422 705 508 judicium
744 424 1019 485 vocavit.
1077 473 1082 476 .

315 565 521 646 Atque
548 585 702 645 prae
746 564 1003 626 caeteris
1034 564 1388 626 celebratur
1417 561 1553 647 ejus
1581 565 1893 626 accusatio
1921 564 1975 625 N
1977 588 2049 626 o·-

144 666 236 726 nii
300 663 662 746 Asprenatis
675 706 695 738 ,
777 682 973 742 quem
1040 663 1330 725 veneficii
1399 680 1583 724 reum
1639 662 1912 741 fecerat,
1988 671 2050 726 et

141 766 327 824 unius
380 762 634 843 patinae
690 781 938 823 veneno
995 761 1252 846 triginta
1310 769 1373 824 et
1429 762 1679 823 centum
1751 764 2050 825 convivas

141 863 466 924 sustulisse
497 866 816 944 arguerat,
862 867 1119 922 auctore
1146 862 1347 928 Plinio
1376 860 1451 922 N.
1484 862 1563 923 Η.
1594 860 1770 923 Libr.
1784 861 2049 922 XXXV.

142 983 195 1023 c.
243 964 341 1022 12.
398 984 448 1022 s.
490 961 598 1021 46.
728 958 871 1021 Jam
927 959 1166 1021 Nonius
1227 961 1547 1052 Asprenas
1614 961 1723 1022 ille
1790 966 2051 1042 putatur

139 1083 176 1122 a
217 1061 431 1122 multis
488 1081 625 1122 esse
668 1059 875 1134 idem,
942 1061 1054 1140 qui
1109 1060 1176 1120 in
1229 1059 1381 1121 Julii
1438 1058 1720 1120 Caesaris
1779 1050 2049 1141 expedi-

138 1161 315 1222 tione
373 1158 662 1220 Africana
717 1180 775 1220 a.
823 1159 897 1219 U.
944 1158 1013 1219 G.
1058 1159 1209 1220 708.
1268 1159 1351 1218 ad
1409 1157 1735 1240 Thapsum
1804 1158 2050 1220 duabus

137 1259 494 1343 legionibus
540 1258 812 1340 imperio
869 1256 1305 1339 proconsulari
1346 1263 1668 1338 praeerat,
1719 1264 1794 1318 ut
1834 1264 2052 1320 narrat

138 1361 379 1420 Auctor
419 1360 483 1419 d.
526 1360 601 1419 Β.
644 1357 779 1418 Afr.
826 1377 880 1418 c.
915 1359 1020 1417 80.
1110 1354 1413 1418 Conferas
1444 1355 1834 1418 Thorbeckii
1862 1356 2052 1419 Com-

138 1466 332 1521 ment.
379 1460 441 1519 d.
488 1458 558 1519 G.
605 1456 826 1518 Asinio
882 1455 1168 1517 Pollione
1222 1476 1285 1535 p.
1325 1456 1431 1516 69.
1476 1476 1609 1537 sq.,
1679 1457 1780 1517 cui
1835 1477 2052 1518 assen-

138 1580 279 1619 sum
306 1558 601 1639 praebuit
622 1557 815 1617 etiam
843 1555 1139 1632 Meyerus
1161 1554 1232 1614 in
1264 1551 1471 1615 Oratt.
1497 1554 1767 1616 Roman.
1797 1555 2049 1640 Fragm.

137 1681 201 1740 p.
242 1661 388 1718 212.
491 1656 652 1716 Mihi
711 1661 927 1716 autem
980 1652 1216 1716 factum
1259 1653 1419 1714 illud
1462 1655 1544 1716 ad
1586 1656 1891 1738 temporis
1946 1676 2052 1716 ra-

135 1758 377 1818 tionem
418 1756 807 1818 examinanti
848 1775 981 1815 non
1035 1754 1194 1816 levis
1249 1754 1508 1815 suborta
1571 1761 1666 1817 est
1721 1752 2047 1832 dubitatio,

136 1858 225 1917 ita
279 1862 353 1915 ut
409 1877 555 1917 cum
613 1854 1062 1935 Dalechampio
1118 1855 1198 1915 ad
1224 1927 1230 1935 Ἰ
1256 1853 1442 1913 Plinii
1483 1851 1622 1914 Nat.
1666 1854 1824 1917 Hist.
1866 1854 2049 1915 Libr.

136 1955 399 2016 XXXV.
443 1976 498 2017 c.
533 1957 639 2017 46.
683 1956 873 2016 Tom.
901 1953 1017 2014 IX.
1061 1976 1127 2036 p.
1161 1950 1309 2016 557.
1351 1953 1496 2016 Frz.
1540 1954 1803 2039 intelligi
1834 1954 2053 2019 malim

138 2055 208 2117 C.
248 2055 526 2117 Nonium
581 2055 1004 2137 Asprenatem
1067 2054 1252 2115 illum
1265 2099 1286 2136 ,
1360 2073 1557 2135 quem
1601 2052 1940 2117 Suetonius
1983 2055 2052 2115 in

137 2158 299 2238 Aug.
357 2176 411 2217 c.
453 2156 560 2217 43.
618 2156 810 2216 tradit
872 2156 944 2215 in
999 2152 1237 2239 Troiae
1293 2155 1435 2216 lusu
1492 2155 1814 2236 quondam
1869 2155 2052 2238 lapsu

139 2256 568 2330 debilitatum,
635 2256 715 2316 ab
776 2255 1056 2338 Augusto
1113 2261 1344 2337 torque
1401 2275 1595 2316 aureo
1645 2255 1946 2317 donatum
1987 2261 2054 2316 et

138 2357 346 2438 ipsum
401 2352 665 2438 ejusque
721 2361 1006 2436 posteros
1072 2354 1399 2437 Torquati
1448 2355 1823 2438 cognomine
1866 2374 2054 2416 orna·

139 2460 240 2515 tos
285 2474 447 2515 esse.
533 2455 596 2516 Is
638 2456 810 2516 haud
853 2455 1045 2515 dubie
1086 2453 1208 2515 fuit
1230 2454 1634 2516 Proconsulis
1666 2454 1837 2523 illius
1863 2453 2052 2532 filius»,

140 2551 405 2636 ejusque
446 2560 694 2636 patrem
739 2575 869 2635 quo
912 2554 1123 2614 minus
1185 2554 1264 2615 ab
1311 2553 1522 2616 Cassio
1569 2553 1811 2617 Severo
1866 2574 2054 2616 accu-

141 2662 349 2714 satum
404 2674 540 2714 esse
595 2660 811 2735 putem
826 2697 846 2731 ,
906 2653 1005 2714 his
1059 2652 1193 2715 fere
1237 2655 1468 2715 caussis
1510 2654 1843 2736 impedior.
1929 2654 2053 2716 Dio

142 2751 387 2814 Cassius
430 2754 606 2814 Libr.
638 2753 776 2814 LV.
821 2773 876 2814 c.
908 2754 1005 2831 4.,
1063 2755 1446 2835 probaturus
1491 2754 1743 2818 civilem
1785 2740 2053 2838 Augusti

140 2853 456 2930 animum,
517 2853 792 2935 scripsit:
855 2855 1011 2929 Φίλῳ
1057 2855 1119 2913 τέ
1164 2877 1272 2913 τινι
1318 2854 1476 2932 δίκην
1525 2854 1785 2932 φεύγοντι
1825 2857 2050 2931 συνεξη-

141 2947 360 3023 τάσθη,
394 2948 879 3023 προεπικοινώσας
915 2943 1050 3004 αὐτὸ
1085 2953 1249 3005 τοῦτο
1284 2952 1353 3023 τῇ
1387 2943 1654 3025 γερουσίᾳ
1674 2969 1688 2983 ·
1727 2949 1821 3005 καὶ
1849 2948 2055 3006 ἐκεῖνόν

143 3052 204 3088 τε
241 3030 446 3104 ἔσωσε,
484 3034 577 3089 καὶ
612 3034 707 3089 τὸν
739 3034 1043 3109 κατήγορον
1081 3030 1249 3090 αὐτοῦ
1277 3030 1377 3104 οὐχ
1412 3033 1568 3102 ὅπως
1606 3031 1686 3091 δι’
1707 3031 1877 3109 ὀργῆς
1909 3031 2050 3103 ἔσχε,

142 3117 349 3191 καίπερ
387 3116 534 3175 πάνυ
584 3120 769 3194 πολλῇ
817 3117 1107 3195 παῤῥησίᾳ
1154 3116 1523 3194 χρησάμενον,
1578 3117 1719 3177 ἀλλὰ
1756 3120 1850 3175 καὶ
1884 3115 2054 3175 εὔθυ-

143 3198 372 3271 νόμενον
423 3203 520 3260 ἐπὶ
574 3210 693 3271 τοῖς
745 3204 1013 3280 τρόποις,
1074 3201 1321 3280 ἀφῆκεν·
1401 3199 1573 3263 εἶπαῖν
1628 3203 1715 3261 ὅτι
1781 3201 2055 3278 ἀναγκαία

145 3285 341 3360 σφίσιν
389 3283 423 3361 ἡ
480 3288 768 3366 παρρησία
818 3286 988 3347 αὐτοῦ
1002 3331 1018 3356 ,
1079 3290 1172 3347 διὰ
1221 3290 1320 3366 τὴν
1368 3286 1622 3367 ἄντικρυς
1674 3294 1782 3347 τῶν
1831 3292 2056 3347 πολλῶν

147 3379 450 3454 πονηρίαν,
489 3379 592 3456 εἴη.
681 3382 817 3455 Quo
861 3380 927 3439 in
969 3379 1110 3442 loco
1154 3401 1513 3444 sermonem
1558 3401 1697 3442 esse
1735 3380 1821 3453 ‚de
1847 3379 2052 3443 Nonio

146 3477 491 3558 Asprenate
553 3484 615 3540 et
674 3478 886 3541 Cassio
943 3475 1225 3558 Severo,
1295 3481 1591 3543 discimus
1635 3499 1722 3540 ex
1765 3477 2056 3550 Suetonii

149 3576 305 3662 Aug.
353 3599 408 3639 c.
441 3575 546 3639 56.
636 3579 887 3658 „Quum
916 3578 1231 3663 Asprenas
1274 3580 1541 3657 Nonius,
1587 3580 1779 3642 artius
1822 3581 1882 3642 ei
1910 3577 2056 3662 jun-
