2236 3932
729 210 813 250 nn
858 210 920 251 1..
952 209 1164 251 nmo
1209 209 1448 251 POETA.
1953 192 2031 252 71

130 349 244 431 qui
282 348 427 410 illos
467 347 730 408 laudum
773 365 1035 407 suarum
1074 345 1408 409 invenerat
1447 365 1812 428 praecones.
1893 346 1933 410 J
1934 368 2036 409 am

129 470 288 511 vero
343 446 730 531 argumentis
744 490 764 522 ,
842 465 1006 526 quae
1059 445 1272 527 ipsum
1287 465 1312 512 ,ἲ
1331 466 1590 508 carmen
1659 448 2035 527 suppeditat,

129 554 316 618 extra
357 564 611 608 omnem
654 543 1112 606 dubitationem
1151 546 1356 626 posuit
1397 545 1724 607 Massonus
1763 546 1834 606 in
1874 545 1912 606 J
1915 566 2035 617 ano

125 647 343 708 Reser.
388 644 553 706 Sect.
583 642 700 704 ΙΠ.
744 662 799 703 0.
831 646 894 703 8.
937 653 989 717 §.
1023 645 1122 705 12.
1165 667 1231 726 p.
1260 647 1655 708 210—216.
1698 651 1763 705 et
1803 644 1872 704 in
1907 644 2035 704 Vit.

125 745 366 806 Horatii
408 745 490 804 ad
532 763 634 803 311.
664 743 738 803 U.
770 741 839 803 G.
868 743 1014 804 744.
1058 766 1123 825 p.
1151 744 1302 806 360.
1330 767 1465 827 sq„
1508 745 1671 807 hanc
1712 745 1791 804 ad
1819 745 2038 827 Augu·

125 852 297 905 stum
353 842 684 924 epistolam
737 841 1036 923 scriptam
1080 864 1222 905 esse
1263 835 1361 906 fib
1417 845 1681 906 Horatio
1735 864 1903 906 311110
1963 845 2036 905 U.

131 943 203 1003 C.
232 943 380 1003 744.
416 947 695 1002 exeunte
745 960 862 1001 seu
902 941 1163 1003 ineunte
1206 964 1375 1005 anno
1411 944 1485 1004 U.
1514 944 1584 1006 C.
1610 941 1758 1004 745.
1775 987 1795 1022 ,
1840 965 2039 1025 quum

126 1041 419 1124 Virgilius
461 1038 591 1122 jam
631 1061 868 1102 novem
909 1039 1140 1103 abhinc
1182 1044 1366 1104 annis
1407 1045 1540 1106 vita
1569 1033 1927 1106 excesserat
1938 1042 2035 1129 5³).

123 1141 349 1220 Itaque
392 1141 815 1201 certissimum
857 1147 952 1200 est
966 1184 986 1216 ,
1031 1142 1206 1220 quod
1250 1143 1442 1203 etiam
1489 1142 1568 1203 G.
1605 1143 1803 1205 Nicol.
1834 1143 2038 1204 Heer-

124 1236 403 1301 kensius'
450 1240 521 1299 in
577 1238 851 1300 Praefat.
912 1241 993 1300 ad
1046 1240 1272 1302 Icones
1330 1265 1396 1322 p.
1443 1240 1710 1301 LXXX.
1766 1242 2036 1319 monuit,

123 1339 204 1400 L.
232 1339 499 1399 Varium
541 1339 803 1400 Poetam
859 1346 1005 1399 ante
1051 1359 1289 1399 annum
1332 1341 1406 1400 U.
1438 1339 1508 1400 C.
1543 1341 1690 1402 745.
1733 1352 1797 1402 et
1837 1342 2034 1422 priuS,

125 1459 318 1520 quam
342 1438 675 1499 Horatium
716 1443 781 1514 et
805 1435 1257 1514 Maecenatem,
1300 1439 1433 1502 vita
1475 1446 1537 1500 et
1578 1440 1779 1501 rebus
1811 1440 2036 1500 huma-

124 1540 225 1599 nis
286 1537 656 1599 excessisse.
756 1533 1042 1596 Certiora
1102 1538 1251 1597 311111
1267 1580 1287 1613 ,
1352 1538 1463 1620 qui
1524 1538 1586 1600 ei
1626 1538 1836 1600 fatalis
1882 1545 2035 1615 erat,

122 1637 358 1698 indicia
401 1637 655 1696 desunt.

294 1736 440 1799 Jam
482 1735 536 1796 si
577 1741 863 1816 tempus,
909 1756 1038 1815 quo
1080 1742 1404 1798 mortuum
1435 1757 1579 1799 esse
1613 1737 1879 1799 dicimus
1907 1738 2038 1799 Va-

122 1838 323 1912 rium,
394 1855 768 1898 revocamus
824 1834 907 1894 ad
970 1832 1109 1918 ejus
1152 1837 1397 1898 natales
1412 1882 1434 1915 ,
1489 1858 1682 1899 nemo
1695 1882 1715 1914 ,
1786 1839 2036 1923 opinor,

123 1937 278 2013 erit,
322 1936 478 2016 quin
520 1934 844 2016 praeclare
889 1936 1102 1996 omnia
1146 1936 1510 2017 conspirare
1552 1935 1863 1999 fateatur.
1914 1937 1971 1999 N
1970 1958 2037 1999 a-

122 2045 260 2098 tum
285 2055 426 2098 esse
472 2034 769 2115 suspicati
794 2055 1012 2096 sumus
1039 2035 1307 2096 Varium
1336 2057 1393 2097 a.
1431 2037 1507 2096 U.
1540 2036 1609 2098 C.
1640 2039 1783 2100 672.
1823 2078 1827 2082 -
1859 2039 2036 2101 Hanc

124 2134 557 2219 conjecturam
599 2135 655 2194 si
696 2135 1059 2216 sequimur,
1116 2136 1226 2197 ille
1270 2156 1349 2198 eo
1365 2180 1385 2213 ,
1447 2158 1576 2218 quo
1619 2137 1914 2201 Horatius
1956 2140 2037 2199 ad

120 2237 479 2320 Augustum
520 2234 801 2316 scripsit,
847 2241 1171 2316 tempore,
1215 2237 1270 2296 si
1299 2236 1505 2298 adhuc
1533 2237 1836 2315 vixisset,
1880 2237 2037 2299 fuis-

124 2343 225 2398 set
254 2355 468 2397 senex
509 2335 1059 2418 septuagenarius.
1120 2355 1283 2416 quae
1343 2342 1514 2397 aetas
1572 2337 1835 2399 minime
1890 2358 2036 2399 rara

124 2442 262 2498 erat
317 2435 487 2516 apud
542 2434 888 2496 Romanos.
1000 2435 1222 2516 Neque
1278 2436 1427 2498 huic
1487 2436 1771 2518 opinioni
1829 2439 2038 2499 obstat

124 2536 445 2617 prolatum
485 2539 537 2605 ς.
574 2535 673 2594 11.
718 2535 1152 2595 testimonium
1209 2535 1585 2614 Hieronymi
1641 2537 1906 2599 dicentis
1958 2541 2037 2600 ad

126 2635 390 2716 Olymp.
423 2634 566 2693 190.
596 2636 681 2709 4.,
726 2634 767 2694 1.
795 2655 852 2694 3.
898 2653 956 2693 3.
998 2633 1072 2694 U.
1104 2633 1172 2694 C.
1206 2635 1388 2712 737„
1445 2634 1712 2696 Varium
1755 2643 1821 2698 et
1865 2637 2035 2698 Tuc-

124 2755 266 2797 cam
311 2734 582 2793 illustres
624 2733 877 2794 habitos
921 2753 1058 2794 esse
1101 2739 1359 2814 poetas.
1420 2735 1665 2816 aliquot
1708 2738 1879 2798 enim
1921 2758 2034 2797 311-

124 2835 224 2895 nis
267 2840 450 2910 ante,
510 2839 578 2892 ut
620 2832 812 2906 §.10.
859 2833 1279 2909 ostendimus,
1338 2834 1625 2896 ediderat
1667 2835 2033 2914 Thyestem,

125 2933 411 2996 omnium
424 2976 446 3009 ,
518 2953 681 3014 quae
739 2933 1104 3013 scripserat,
1175 2933 1521 2997 carminum
1576 2936 2036 3017 praestantissi-

125 3054 325 3094 mum.
409 3030 493 3093 Et
535 3032 756 3113 quidni
797 3031 1063 3093 Varium
1105 3051 1306 3113 aeque
1348 3039 1535 3115 atque
1567 3033 1859 3095 Asinium
1886 3035 2037 3096 Pol-

127 3132 389 3210 lionem,
431 3132 590 3193 illud
619 3151 929 3194 nervosae
957 3132 1306 3194 vivacitatis
1333 3132 1503 3194 haud
1518 3152 1793 3215 parvum
1812 3153 2037 3196 exem-

129 3230 390 3312 plum⁶⁴)
405 3274 427 3308 ,
468 3232 537 3293 in
563 3232 767 3294 laudis
793 3231 1173 3294 carminibus
1200 3238 1415 3314 partae
1445 3231 1604 3295 flore
1631 3233 2036 3296 consenuisse

277 3436 370 3492 63)
416 3429 637 3482 Mauoni
681 3433 964 3482 sententiam
1003 3448 1158 3496 nuper
1202 3433 1471 3497 impugnari
1517 3441 1733 3495 coeptam
1778 3433 2036 3485 defendere

132 3503 403 3554 studuimus
435 3505 486 3551 in
519 3501 726 3553 Excurs.
760 3503 835 3555 V.

278 3580 365 3637 64)
414 3573 488 3623 lta
529 3573 756 3624 Asinium
799 3572 1065 3625 Pollionem
1112 3576 1321 3638 appellat
1366 3573 1537 3625 valer.
1592 3573 1840 3626 Maximus
1892 3575 2035 3629 Libr.

134 3644 284 3696 vlu.
334 3663 377 3696 c.
411 3652 497 3699 13.
544 3650 597 3697 4.
632 3655 767 3698 exn:
810 3664 956 3710 nam,
1005 3655 1059 3697 nt
1102 3645 1248 3699 Δηοῖ.
1297 3640 1429 3698 Dial.
1476 3647 1527 3697 (1.
1576 3644 1716 3698 Orat.
1755 3665 1797 3699 c.
1827 3654 1910 3701 17.
1956 3652 2038 3712 ait,
