2236 3932
200 147 283 209 74
793 170 875 210 nE
922 171 979 210 ι.
1023 169 1230 214 vAluo
1277 171 1516 212 POETA.

200 307 268 363 et
309 301 528 362 studiis
571 304 883 383 quaedam
920 305 1152 384 scripto
1186 307 1518 367 mandasse
1550 306 1853 389 suspicer.
1936 310 2095 372 Nam

201 401 620 481 Quintilianus
646 402 799 463 Inst.
832 402 942 464 Or.
970 403 1146 463 Libr.
1175 405 1259 464 X.
1304 425 1360 465 c.
1393 405 1455 465 3.
1499 413 1550 478 §.
1585 408 1648 467 8.
1690 407 2097 487 „Virgilium

199 521 446 582 quoque
463 545 486 575 ,
531 501 733 581 inquit
749 545 768 576 ‚
802 500 1236 582 ‚paucissimos
1278 503 1381 564 die
1423 505 1850 587 composuisse
1875 530 2097 571 versus

199 610 430 664 auctor
509 610 604 660 est
678 601 749 662 V
740 606 947 659 arus!
952 605 974 635 ‘
1095 600 1190 661 Ita
1263 604 1466 665 adhuc
1539 606 1734 667 edidit
1802 605 2096 688 Spaldin-

198 700 336 782 gius
353 745 373 777 ,
431 708 647 780 optans
690 704 904 758 tamen
961 697 1030 758 in
1071 698 1194 760 hoc
1235 704 1493 766 nomine
1535 706 1811 786 aliquem
1853 707 2097 767 ostendi

195 798 528 874 Codicem‚
605 798 717 877 qui
773 797 1034 857 habeat:
1118 800 1403 877 Varius,
1463 825 1658 884 quem
1712 806 1920 868 virum
1972 807 2096 867 hoc

196 898 545 979 prodidisse
601 896 800 956 multo
861 897 1220 960 credibilius
1276 900 1383 978 sit,
1443 904 1680 985 quippe
1720 904 2097 966 familiarem

195 997 441 1080 Virgilii
499 1001 564 1055 et
623 997 788 1056 circa
846 1017 1037 1076 opera
1093 995 1229 1080 ejus
1245 1043 1265 1075 ,
1333 1007 1408 1060 ut
1451 1009 1696 1063 constat
1735 1004 1902 1065 inter
1943 1005 2097 1066 scri-

192 1104 409 1178 ptores
428 1139 447 1172 ,
506 1101 900 1177 occupatum.
1005 1095 1217 1159 Editio
1276 1098 1498 1161 Colon.
1565 1122 1623 1162 a.
1675 1102 1861 1164 1527.
1905 1104 2097 1179 habet

200 1194 481 1270 Varius,
540 1195 839 1276 idemque
913 1216 1059 1257 cum
1112 1198 1307 1259 lateat
1357 1200 1427 1260 in
1471 1200 1668 1262 Codd.
1710 1202 1760 1262 F
1761 1204 1988 1265 lorent.
2033 1209 2097 1264 et

191 1294 580 1374 Guelferbyt.
615 1295 923 1375 scriptura
960 1296 1188 1359 Variis
1218 1305 1282 1358 et
1303 1299 1372 1360 in
1402 1299 1681 1363 Colinaei
1724 1309 1790 1363 et
1828 1303 2012 1364 Voss.
2035 1305 2094 1363 1.

194 1395 269 1458 V
258 1417 457 1455 arras
469 1439 493 1470 ,
571 1393 936 1477 Spaldingio
1014 1398 1334 1475 suadenti,
1401 1407 1476 1460 ut
1531 1403 1633 1463 vel
1698 1402 1873 1463 nullo
1928 1402 2094 1463 libro

187 1502 444 1556 auctore
508 1493 707 1558 Varii
759 1515 1000 1555 nomen
1055 1498 1455 1577 restituatur,
1523 1502 1752 1563 merito
1813 1501 2096 1562 obsecuti

188 1601 340 1655 sunt
393 1594 443 1655 F
444 1594 810 1655 rotscherus
881 1601 944 1655 et
1004 1595 1426 1660 GernharduS.
1535 1602 1655 1676 Qui
1718 1602 1787 1661 in
1842 1602 2095 1684 vulgata

186 1696 456 1756 lectione
516 1694 999 1774 acquieverunt,
1067 1718 1237 1757 nunc
1298 1699 1669 1774 Quintilium
1714 1701 1952 1762 Varum
1991 1701 2094 1760 in-

187 1796 570 1856 tellexerunt
583 1838 603 1871 ,
662 1815 834 1854 ntmc
889 1794 962 1854 P.
1001 1795 1365 1877 Alphenum
1423 1799 1660 1859 Varum
1713 1799 1915 1860 Ictum
1931 1843 1951 1876 ‚
2023 1804 2095 1858 ut

185 1893 378 1957 Ever.
426 1892 577 1954 Otto
635 1893 703 1953 in
755 1893 1064 1955 Thesaur.
1119 1895 1257 1957 Jur.
1300 1897 1484 1957 Rom.
1530 1898 1609 1957 Τ.
1664 1899 1736 1958 V.
1781 1921 1844 1979 p.
1886 1897 2093 1974 1652„

183 2015 353 2055 nunc
405 1993 484 2054 L.
541 1992 786 2054 Varum
843 1993 1259 2075 Epicureum,
1331 2003 1401 2057 ut
1457 1996 1514 2058 J.
1571 1997 1651 2058 H.
1707 1998 1960 2059 Vossius
2015 1998 2095 2057 ad

185 2093 409 2177 Virgil.
443 2093 578 2154 Ecl.
617 2093 731 2154 VI.
774 2115 834 2156 v.
863 2095 924 2155 6.
969 2117 1034 2176 p.
1065 2096 1214 2156 292.
1301 2094 1433 2157 Sed
1475 2097 1632 2157 nihil
1674 2104 1746 2158 ut
1778 2098 1983 2158 dicam
2012 2098 2093 2157 de

175 2194 545 2270 Quintilio,
604 2194 706 2254 cui
775 2214 858 2254 ne
933 2200 1177 2255 certum
1248 2196 1505 2275 quidem
1565 2203 1662 2258 est
1737 2198 2094 2258 adhaesisse

187 2314 540 2377 cognomen
593 2293 780 2370 Vari,
845 2294 1032 2355 etiam
1074 2294 1345 2355 amicitia
1359 2340 1380 2372 ‚
1439 2316 1602 2376 quae
1646 2296 1903 2379 Virgilio
1947 2318 2094 2358 cum

180 2392 255 2454 P.
297 2393 591 2474 Alpheno
648 2393 820 2454 Varo
878 2400 944 2454 et
983 2393 1064 2454 L.
1106 2394 1271 2455 Varo
1314 2394 1629 2476 Epicureo
1672 2396 2092 2458 intercessisse

187 2494 416 2555 dicitur
430 2538 451 2570 ‚
519 2493 875 2574 perincerta
933 2500 1028 2554 est
1083 2500 1146 2554 et
1204 2495 1413 2556 dubia.
1511 2496 1706 2578 Atqui
1761 2497 1918 2558 haec
1960 2518 2093 2557 non

184 2593 305 2656 nisi
348 2613 384 2654 a
428 2593 676 2675 Virgilii
716 2591 1127 2653 familiaribus
1172 2600 1235 2654 et
1277 2597 1568 2679 cognosci
1600 2602 1666 2657 et
1706 2597 1868 2656 tradi
1908 2602 2092 2677 pote—

182 2699 348 2754 rant.
453 2690 647 2776 Cujus
712 2693 972 2774 quidem
1027 2694 1122 2755 rei
1178 2694 1445 2756 idoneus
1487 2696 1665 2756 testis
1708 2701 1804 2755 est
1832 2694 1905 2755 A.
1938 2693 2092 2755 Gel-

183 2793 342 2870 lius,
402 2793 513 2873 (sui
554 2793 627 2852 N.
671 2792 746 2852 A.
793 2792 972 2853 Libr.
999 2792 1207 2854 XVII.
1253 2814 1309 2854 c.
1341 2796 1441 2854 10.
1486 2815 1843 2856 sermonem
1883 2794 1934 2854 F
1938 2815 2092 2857 avo-

183 2892 309 2953 rini
369 2891 731 2973 philosophi
772 2893 1054 2954 referens
1068 2937 1088 2970 ,
1145 2891 1451 2968 „Amici,
1506 2894 1742 2974 inquit,
1768 2893 2091 2974 familia-

184 3012 412 3074 resque
451 2993 526 3051 P.
564 2989 830 3069 Virgilii
864 2990 938 3052 in
979 2992 1084 3053 his
1099 3037 1122 3068 ,
1170 3014 1336 3075 quae
1380 2993 1458 3053 de
1487 2992 1743 3071 ingenio
1772 2993 2092 3054 moribus-

187 3114 308 3179 que
350 3092 487 3170 ejus
527 3089 876 3150 memoriae
918 3091 1334 3152 tradiderant
1346 3136 1370 3167 ,
1415 3092 1620 3153 dicere
1646 3114 1794 3153 eam
1830 3091 2092 3153 solitum

166 3194 415 3276 ferunt
427 3235 452 3267 ,
510 3211 752 3273 parere
810 3212 876 3250 se
930 3213 1154 3251 ver-sus
1195 3213 1374 3252 more
1407 3203 1609 3274 *atque
1647 3192 1785 3252 ritu
1837 3190 2087 3252 ursino.

185 3292 516 3373 Namque,
581 3299 658 3350 ut
711 3288 832 3350 illa
886 3289 1087 3349 bestia
1123 3290 1355 3370 fetum
1394 3291 1603 3351 ederet
1643 3291 2089 3372 ineffigiatum

185 3390 698 3472 informemque,
767 3388 1228 3470 lambendoque
1296 3389 1371 3450 id
1413 3401 1650 3472 postea
1671 3434 1694 3464 ,
1769 3390 1943 3472 quod
1988 3387 2088 3447 ita

185 3488 522 3564 edidisset,
582 3488 1030 3570 conformaret
1071 3497 1132 3546 et
1156 3490 1479 3567 fingeret3
1525 3490 1807 3572 proinde
1846 3484 2094 3564 ingenii

188 3610 434 3672 quoque
485 3587 597 3649 sui
641 3597 886 3671 partas
941 3596 1218 3650 recentes
1259 3587 1420 3648 rudi
1472 3610 1606 3648 esse
1627 3585 1820 3668 facie
1861 3594 1922 3643 et
1962 3583 2085 3644 im·-
