2236 3932
871 189 1212 234 Excunsus
1257 190 1306 230 ι.
1916 169 2046 230 317

139 326 723 410 Friihuntergange
776 329 893 419 der
949 327 1144 390 Leier
1197 348 1310 387 am
1366 323 1471 387 ll.
1527 325 1686 386 oder
1739 325 1843 388 12.
1886 326 2035 389 Au-

132 439 287 509 gust
327 429 422 490 bis
462 451 613 490 zum
653 431 719 490 F
711 426 1202 506 riihuntergcmg
1257 427 1372 486 der
1411 426 1716 503 Pleiaden
1756 448 1873 486 um
1915 429 2041 488 den

140 532 170 589 l
186 532 211 588 l
228 573 245 590 .
271 530 668 590 November.-
706 549 909 606 gegen
948 527 1228 587 welo-hen
1269 525 1560 606 Anfang
1601 527 1714 586 des
1752 526 2038 592 Winters

136 629 311 688 nach
367 630 483 687 der
518 626 998 705 Herbstglez⁰che
1035 628 1155 686 der
1206 628 1269 685 T
1276 646 1379 702 ag
1419 623 1555 686 sich
1597 622 1843 687 kilrzt
1895 628 2039 686 vend

138 727 240 787 die
281 726 476 788 Hitze
504 729 616 786 des
646 729 1038 786 Sommers
1067 725 1220 784 oder
1250 725 1365 783 der
1389 725 1669 786 schonen
1686 725 2033 802 Jahrszeit,

137 836 460 902 aestas,
519 824 633 885 mi
646 826 673 885 l
684 825 731 884 d
742 846 825 884 er
876 822 1114 884 we‘rdf‘
1226 822 1334 884 Sic
1406 825 1573 905 apud
1629 824 2038 907 Calpurnium

136 923 351 1007 Eclog.
394 924 446 983 Ι.
490 946 554 986 v.
611 926 703 984 l.:
1779 930 1782 935 '

222 1024 533 1085 Nondum
575 1023 744 1084 Solis
786 1044 978 1107 equos
1019 1019 1282 1082 declivis
1322 1020 1587 1101 mitigat
1626 1034 1867 1100 aestcw,

230 1123 544 1202 Quamvis
587 1134 648 1183 et
688 1122 974 1184 madidis
1013 1122 1395 1184 incmnbant
1434 1125 1670 1204 praela
1721 1123 1998 1185 racemis

223 1224 310 1283 Et
352 1233 647 1305 spument
687 1244 890 1284 rauco
914 1221 1264 1304 ferventia
1314 1233 1535 1281 musta
1578 1245 1848 1284 susurro
1865 1247 1886 1283 .·

137 1322 246 1382 ubi
278 1321 540 1382 declivis
568 1333 784 1382 aestas
808 1328 905 1382 est
927 1322 1166 1405 Virgilii
1192 1320 1450 1381 mollior
1478 1333 1714 1399 aestas,
1762 1325 2036 1404 quando,

135 1428 204 1482 ut
244 1421 541 1482 Lucanus
599 1420 779 1482 Libr.
809 1421 893 1483 X.
938 1422 1088 1483 236.
1133 1421 1246 1498 ait,
1302 1419 1376 1480 in
1434 1431 1862 1481 auctumnum
1923 1425 2038 1483 de·—

134 1520 336 1580 elinat
420 1520 719 1580 Phoebus
733 1543 755 1594 ,·
848 1541 921 1583 ac
988 1519 1318 1604 significari
1387 1522 1556 1602 apud
1628 1520 2039 1602 Calpurnium

135 1639 421 1680 mensem
478 1618 960 1700 Septembrem,
1032 1619 1273 1682 erudite
1330 1621 1622 1700 probavit
1665 1619 1926 1702 Sarpius
1970 1623 2039 1681 in

135 1720 385 1796 Quaest.
429 1719 739 1802 Philolog.
787 1720 1110 1799 (Rostoch.
1160 1720 1378 1799 1819.)
1424 1742 1487 1801 p.
1527 1723 1632 1782 27.
1691 1739 1778 1780 ex
1825 1722 2038 1783 verbis

133 1819 380 1900 Ulpiani
422 1819 600 1903 Digg.
627 1818 862 1879 XLIII.
896 1819 990 1880 tit.
1017 1822 1128 1880 20.
1172 1818 1399 1902 fiagm.
1438 1822 1496 1879 1.
1541 1828 1591 1894 ς.
1623 1821 1725 1881 32.
1771 1831 2036 1898 „aesta-

133 1928 265 1978 tem
319 1917 600 2000 incipere
613 1963 636 1993 ,
681 1917 776 1979 sic
805 1917 1148 2001 peritiores
1199 1918 1619 1979 tradiderant
1630 1963 1652 1993 ,
1676 1911 1678 1913 ’
1699 1920 1782 1979 ab
1813 1920 2038 2003 aequi-

131 2016 347 2078 noctio
375 2039 597 2092 verno,
643 2027 705 2077 et
727 2017 948 2099 finiri
975 2018 1378 2102 aequinoctio
1410 2019 1857 2080 autumnali.“
1919 2021 2033 2081 His

133 2117 467 2198 expositis,
511 2137 702 2180 nemo
718 2162 738 2195 ,
783 2118 1044 2200 opinor,
1090 2119 1357 2200 amplius
1402 2118 1717 2179 dubitabit
1759 2120 1916 2201 quin
1958 2141 2044 2182 ex

131 2216 560 2279 Romanorum
612 2217 858 2279 ratione
914 2240 1048 2280 nox
1107 2220 1168 2279 d.
1206 2219 1309 2280 23.
1349 2217 1741 2300 Septembris
1784 2226 2036 2282 antece-

130 2316 284 2377 dens
346 2318 678 2378 commode
745 2318 868 2379 dici
934 2319 1218 2401 potuerit
1283 2318 1581 2379 aestiva.
1683 2318 1843 2380 Eam
1901 2321 2038 2382 vult

130 2415 327 2477 Poeta
370 2437 516 2477 cum
558 2417 888 2497 Torquato
933 2440 1221 2479 ‚stennone
1275 2417 1546 2497 benigno
1588 2420 1847 2480 tendere
1886 2420 1950 2479 h.
1982 2440 2040 2481 e.

132 2534 422 2576 sermone
478 2515 681 2576 multo
735 2522 800 2576 et
852 2518 1105 2597 prolixo
1147 2517 1525 2600 transigere:
1582 2539 1732 2580 nam
1774 2522 2034 2581 tendere

132 2615 196 2675 h.
225 2615 268 2675 l.
313 2634 445 2675 non
487 2621 588 2675 est
629 2617 1012 2692 extendere,
1057 2618 1436 2699 producere,
1480 2624 1549 2677 ut
1577 2638 1721 2679 cum
1745 2617 2030 2703 Bentlejo

134 2715 322 2775 etiam
375 2713 719 2776 Santenius
774 2717 855 2776 ad
912 2715 1274 2777 Terentian.
1329 2715 1417 2776 M.
1474 2739 1537 2798 p.
1577 2719 1718 2778 142.
1778 2721 2028 2800 accipit,

132 2814 242 2874 sed
273 2833 488 2896 agere,
533 2814 826 2897 exigere,
867 2835 1260 2876 consumere.
1343 2815 1456 2877 *Sic
1497 2818 1694 2876 τείνειν
1714 2821 1840 2892 βίον
1877 2822 2036 2879 ἑλπί-

132 2935 248 2979 σιν,
295 2934 533 2973 aevum
559 2935 770 2992 agere,
815 2935 911 2997 ap.
947 2916 1241 2994 Aeschyl.
1259 2915 1582 2978 Prometh.
1627 2938 1689 2979 v.
1708 2916 1852 2978 548.
1870 2918 2026 3000 ibiq.

132 3031 193 3072 v.
237 3011 589 3073 Blomfieldi
633 3012 908 3075 Glossar.
952 3037 1014 3096 p.
1053 3016 1193 3076 129.
1240 3021 1303 3076 et
1342 3016 1625 3095 Heynius
1668 3018 1748 3076 ad
1791 3017 2028 3099 Virgilii

133 3109 290 3169 Aen.
333 3108 511 3172 Libr.
541 3111 652 3171 VI.
699 3133 760 3173 v.
790 3114 939 3174 807.
1025 3114 1176 3176 Dies
1204 3113 1487 3176 Caesaris
1514 3116 1772 3200 Augusti
1804 3117 2029 3178 natalis

131 3205 443 3289 justitium
499 3212 702 3271 attulit
760 3219 822 3272 et
879 3212 1232 3294 Torquato,
1262 3215 1504 3276 Moschi
1560 3235 1840 3276 caussam
1885 3236 2027 3277 cum

132 3309 411 3368 maxime
470 3311 679 3393 agenti
721 3318 1095 3392 potestatem
1150 3314 1352 3391 dedit,
1437 3314 1824 3376 familiariter
1883 3336 2028 3377 cum

132 3407 390 3468 Horatio
450 3410 906 3471 sermocinandi
976 3432 1092 3493 per
1159 3420 1414 3475 noctem
1478 3414 1776 3476 aestivam
1844 3421 1910 3475 et
1963 3415 2029 3475 in

132 3508 395 3568 multam
452 3509 657 3569 lucem
713 3510 1088 3573 dormiendi·
1190 3512 1497 3576 Solebant
1550 3511 1717 3572 enim
1760 3512 2028 3574 Romani

132 3608 396 3691 negotiis
467 3609 753 3690 occupati
826 3630 1119 3673 somnum
1190 3619 1571 3674 nocturmun
1642 3610 1820 3672 finire
1899 3614 2031 3674 sole
