2236 3932
629 196 711 236 nn
757 196 817 236 1..
858 193 1067 236 viimo
1112 193 1352 234 ron-u.
1856 175 1941 236 63
1992 200 1996 213 ·

45 333 237 395 dandi
291 331 453 394 ratio
506 351 740 396 vereor
791 336 867 391 ut
920 329 1155 391 blanda
1195 327 1346 389 satis
1387 328 1473 389 sit
1513 333 1704 410 atque
1744 331 1948 394 hono-

42 433 236 494 rifica.
334 432 420 493 Et
473 451 740 492 coenam
807 430 1122 510 Thyestae
1178 427 1311 490 sive
1360 428 1662 510 prandia
1722 452 1948 508 regum

41 554 80 594 a
120 539 250 593 tam
289 530 504 592 multis
544 530 751 610 poetis
783 529 1036 612 tragicis
1077 532 1343 589 tractata
1386 547 1527 588 esse
1558 535 1830 606 constat,
1874 536 1948 590 ut

40 632 110 692 in
150 650 383 715 genere
422 649 542 710 pro
584 628 813 708 quovis
856 626 1325 710 tragoediarum
1366 634 1742 710 argumento
1778 629 1949 690 dice-

40 736 296 806 rentur,
338 728 435 789 uti
477 727 732 808 copiose
775 727 1019 788 docebo
1060 724 1228 786 infra
1265 733 1315 799 §.
1348 725 1450 786 13.
1492 725 1568 787 Ν.
1598 728 1704 787 67.
1791 727 1951 788 Veri

41 829 235 891 etiam
290 834 383 889 est
439 826 867 902 simillimum,
924 846 962 886 a
1002 823 1196 887 Vario
1243 825 1653 887 observatum
1696 846 1836 886 csse
1880 826 1951 887 in

43 927 362 1007 Thyeste,
419 926 595 1009 quod
635 925 744 987 ille
784 924 1117 986 Pisonibus
1161 924 1466 1005 praecipit
1506 945 1570 987 v.
1598 927 1740 987 182.

640 1024 714 1086 N
708 1045 792 1085 on
833 1034 1054 1085 tamen
1094 1022 1278 1084 intua

123 1124 262 1204 De‘g
223 1147 350 1186 σηα
385 1123 535 1204 geri
563 1145 826 1207 promea
865 1122 943 1185 in
982 1143 1243 1184 scenam
1282 1122 1616 1203 multaque
1654 1123 1837 1185 tolles

123 1226 236 1285 Ex
277 1224 482 1286 oculis
493 1268 519 1300 ,
564 1245 730 1307 quae
768 1244 926 1284 moa:
951 1231 1192 1283 narrat
1213 1220 1561 1300 fizmndia
1593 1244 1951 1302 praesens,

125 1325 227 1386 Ne
266 1346 505 1407 pueros
544 1344 768 1384 comm
798 1322 1048 1404 populo
1087 1319 1322 1380 Medea
1363 1319 1664 1394 trucidet,

123 1422 271 1485 Aut
293 1424 594 1484 Ιιιιπιαπα
613 1421 845 1503 palam
871 1428 1105 1501 coquat
1141 1427 1301 1480 exta
1329 1417 1637 1498 nefarius
1671 1418 1950 1497 Atreu-3,

123 1522 271 1584 Aut
322 1521 399 1583 in
451 1541 641 1583 avem
681 1521 936 1597 Progne
974 1525 1274 1578 vertatur
1287 1559 1313 1591 ,
1383 1517 1668 1579 Cadmus
1709 1518 1785 1579 in
1826 1543 1953 1581 an-

1072 1637 1266 1694 gam
1279 1615 1378 1696 ⁵⁴)-

40 1720 171 1783 Sed
227 1741 314 1782 ne
365 1719 436 1781 in
487 1718 591 1780 his
647 1717 909 1800 quidem
963 1716 1311 1778 scribendis
1364 1722 1523 1797 puto
1567 1717 1953 1780 succurrisse

38 1821 297 1882 Horatio
340 1820 513 1880 illam
553 1817 731 1879 Varii
771 1816 1160 1900 tragoediam
1174 1858 1194 1892 ,
1241 1835 1463 1895 quam,
1505 1822 1578 1879 ut
1619 1813 1752 1900 jam
1789 1819 1952 1895 dixi,

40 1920 237 1982 semel
294 1925 543 1981 tantum
603 1915 744 1979 Oda
806 1915 985 1976 Libr.
1027 1915 1082 1975 Ι.
1154 1921 1339 1976 sexta
1399 1918 1952 1979 commemoravit:

40 2021 213 2080 mide
258 2018 609 2102 colligimus
623 2060 643 2094 ‚
711 2015 1128 2077 dramaticum
1167 2015 1331 2075 illud
1374 2035 1534 2095 opus
1577 2035 1614 2076 a
1658 2017 1852 2078 Vario
1897 2017 1952 2078 si
2004 2090 2007 2092 q

38 2140 174 2180 non
215 2118 487 2196 editum,
535 2122 715 2179 certe
759 2115 952 2177 scribi
995 2121 1293 2197 coeptum
1334 2134 1477 2176 esse
1522 2120 1670 2177 ante
1712 2135 1952 2178 amium

38 2219 118 2281 U.
162 2216 234 2279 C.
279 2217 428 2280 734.

892 2410 944 2479 §-
992 2403 1094 2465 11.

209 2558 502 2621 Horatius
543 2559 762 2620 initam
808 2581 952 2621 cum
980 2559 1247 2643 Virgilio
1285 2565 1349 2621 et
1377 2558 1566 2622 Vario
1610 2544 1949 2622 amicitiam

39 2661 107 2722 in
163 2659 547 2721 Maecenatis
606 2661 798 2720 domo
856 2680 929 2722 ac
983 2659 1334 2741 patrocinio
1390 2681 1508 2741 per
1554 2681 1811 2721 omnem
1852 2661 1949 2723 vi-

39 2767 173 2821 tam
226 2759 494 2821 colebat.
596 2759 760 2821 Hinc
815 2759 1079 2841 pulchre
1126 2760 1205 2821 de
1251 2759 1379 2820 illis
1421 2760 1725 2821 Martialis
1767 2760 1948 2822 Libr.

38 2858 186 2919 XII.
229 2857 348 2940 Ep.
377 2859 441 2921 4.

131 2958 319 3039 Quod
342 2958 579 3020 Flacco
590 3000 615 3034 ,
665 2958 737 3021 V
726 2957 995 3053 (triaque
1016 2957 1212 3039 fuit,
1260 2980 1631 3043 summoque
1651 2958 1946 3037 Maroni,

208 3060 555 3119 Maecenas
601 3057 822 3119 atavia
862 3056 1120 3137 regibus
1163 3069 1343 3121 ortu-3
1385 3080 1609 3143 eque-5,-

243 3222 389 3229 ...ο-..-

187 3318 273 3371 54)
311 3311 456 3364 Hunc
485 3324 773 3378 postremum
810 3332 999 3366 venum
1037 3321 1157 3368 187.
1195 3316 1255 3367 ad
1290 3316 1501 3371 Varium
1536 3317 1709 3367 reserat
1746 3318 1822 3381 is,
1862 3320 1945 3382 qui

36 3385 131 3434 eibi
181 3386 239 3434 ab
291 3384 593 3436 Heerkeuaio
641 3386 676 3435 1.
711 3405 753 3436 c.
806 3404 852 3449 p.
889 3392 974 3437 49.
1013 3388 1299 3451 producente
1338 3389 1628 3439 priscianum
1666 3390 1945 3452 persuaderi

40 3475 209 3519 passus
257 3468 357 3519 est,
422 3459 470 3506 iu
518 3459 776 3522 tragoediis
816 3455 1039 3519 XLVI„
1108 3478 1226 3524 quas
1280 3462 1338 3511 ab
1389 3463 1478 3510 illo
1530 3464 1727 3524 scriptas
1778 3462 1944 3525 refert,

37 3529 187 3578 fuisse
236 3532 380 3579 etiam
436 3529 650 3578 Ter-eum
697 3548 782 3580 seu
830 3528 1088 3593 Prognen,
1139 3534 1275 3594 cujus
1325 3533 1552 3595 reliquias
1600 3549 1654 3584 se
1703 3535 1945 3597 reperisse

38 3601 287 3664 gloriatur.
360 3597 460 3651 Sed
497 3599 768 3652 Priscianus
800 3601 890 3652 illa
923 3602 984 3653 de
1020 3620 1074 3654 re
1110 3621 1171 3654 ne
1206 3606 1300 3674 γρῦ
1333 3604 1552 3669 quidem!
