2236 3932
228 129 358 196 220
814 153 895 193 ΒΕ
942 153 1168 195 cAssm
1206 154 1570 195 PARMENsr.

227 297 324 348 est
353 287 668 349 Etruriae
711 287 982 364 civitas,
1030 289 1212 366 cujus
1268 287 1609 366 tragoedia
1646 290 1961 370 'Thyestes
2012 312 2128 351 ex-

227 391 434 446 stat.“
475 420 560 431 —
619 389 720 447 Ad
775 408 838 449 v.
885 389 1022 447 62.:
1080 386 1434 461 „Cassium
1473 398 1740 471 poetam
1793 401 2130 470 comparat

229 481 420 543 amni
445 483 681 564 rapido
692 527 714 557 ,
766 483 882 564 qui
905 485 1116 543 multa
1150 497 1590 567 purgamenta
1632 509 1845 547 secum
1885 487 2091 547 trahit
2107 511 2128 549 .·

227 579 327 641 ita
391 581 656 643 Cassius
709 581 949 641 multos
1003 602 1228 643 versus
1283 584 1484 663 parvi
1539 585 1847 645 momenti
1895 586 2131 645 scribe-

229 680 376 741 bat.-
435 679 579 740 ideo
611 687 770 759 post
808 689 1080 739 mortem
1138 679 1414 741 decrevit
1469 685 1747 743 Senatus
1757 726 1782 758 ,
1852 694 1928 743 ut
1985 683 2136 744 libri

229 801 376 840 cum
418 779 731 838 cadavere
773 783 1271 840 exurerentur.“

401 878 574 953 Quae
619 876 717 937 his
758 876 824 936 in
853 876 1125 938 Scholiis
1167 885 1520 940 memoratu
1551 881 1737 964 digna
1781 888 1963 959 sunt,
2006 883 2132 944 huc

227 975 360 1038 fere
417 977 707 1036 redeunt.
805 976 1092 1037 Primum
1147 978 1374 1038 dicitur
1426 981 1674 1039 Parma
1729 1002 1867 1042 esse
1913 982 2131 1043 civitas

226 1075 539 1136 Etruriae.
652 1077 1050 1157 Quamquam
1102 1075 1346 1137 Etrusci
1405 1077 1557 1138 olim
1612 1080 1937 1160 planitiem
1978 1080 2133 1140 Padi

225 1175 395 1235 inter
451 1174 719 1258 Ligures
773 1182 839 1237 et
892 1176 1146 1254 Illyrios
1216 1176 1615 1238 incoluerunt
1667 1185 1729 1238 et
1783 1179 1949 1259 ripas
2006 1181 2133 1241 Be-

226 1274 400 1351 naci,
475 1274 698 1335 Sebini
755 1281 818 1336 et
858 1275 1032 1336 Larii
1076 1277 1330 1338 lacumn
1372 1277 1745 1359 attigerunt,
1807 1286 1876 1338 ut
1919 1286 2134 1340 osten-

226 1374 316 1435 dit
375 1372 445 1434 G.
490 1372 613 1435 od.
659 1373 960 1435 Miillerus
1018 1376 1086 1437 in
1142 1377 1307 1437 libro
1363 1377 1634 1437 eximio:
1701 1377 1878 1452 „Die
1930 1380 2134 1439 Etru-

226 1473 425 1534 sker“
485 1473 567 1535 T.
617 1472 670 1532 I.
732 1496 796 1554 p.
849 1474 1025 1548 134.;
1103 1481 1318 1535 tamen
1384 1477 1662 1536 dubitari
1720 1477 1901 1555 licet,
1976 1500 2133 1539 num

225 1572 457 1633 Parma
516 1573 641 1633 dici
695 1573 1041 1654 haberique
1097 1575 1293 1655 possit
1352 1575 1572 1637 civitas
1624 1574 1935 1637 Etruriae.
2037 1580 2133 1639 De

227 1669 369 1754 ejus
438 1672 682 1755 origine
738 1672 899 1732 nihil
962 1674 1308 1755 quidquam
1374 1675 1675 1735 traditum
1700 1691 1705 1694 ·
1730 1676 1995 1758 legimus
2067 1685 2134 1738 et

227 1770 593 1831 Mannertus
645 1772 716 1832 in
775 1771 1008 1854 Geogr.
1069 1772 1181 1834 Gr.
1239 1779 1301 1834 et
1355 1773 1539 1835 Rom.
1587 1775 1772 1835 Tom.
1805 1776 1919 1835 IX.
1963 1776 2033 1836 P.
2060 1778 2132 1837 l.

226 1892 294 1952 p.
337 1870 485 1931 218.
541 1890 684 1930 eam
727 1870 1002 1932 Celticae
1045 1872 1302 1955 originis
1343 1893 1577 1956 pagum
1617 1873 1812 1935 fuisse
1855 1876 2134 1956 suspica-

228 1975 356 2030 tur.
446 1969 640 2031 Gallis
683 1970 854 2031 enim
896 1970 1142 2032 Italiam
1168 1973 1613 2034 invadentibus
1643 1973 1786 2058 Boji
1822 1995 1966 2036 eam
1993 1977 2133 2057 pla-

227 2068 404 2129 nitiei
445 2067 733 2130 Padanae
776 2077 1240 2151 occupaverunt
1267 2073 1593 2154 regionem
1606 2117 1625 2149 ‚
1668 2074 1738 2133 in
1780 2095 1903 2154 qua
1933 2075 2131 2134 serius

223 2168 388 2229 >sitae
446 2173 630 2228 erant
684 2169 910 2230 Parma
925 2213 946 2246 ,
1003 2168 1248 2231 Mutina
1290 2177 1357 2231 et
1398 2171 1681 2258 Felsina3
1738 2170 1881 2255 Boji
1923 2179 2131 2234 autem

233 2265 448 2328 Celtae
505 2273 689 2328 erant
745 2273 812 2329 et
863 2268 931 2328 in
972 2268 1254 2347 Italiam,
1320 2254 1624 2351 superatis
1667 2271 1976 2353 Alpibus,
2019 2274 2133 2333 de-

228 2369 607 2428 scenderunt
649 2368 898 2429 circiter
939 2389 996 2429 a.
1030 2369 1103 2428 U.
1134 2367 1202 2429 G.
1235 2371 1413 2448 364„
1458 2380 1531 2431 ut
1574 2373 1788 2433 docuit
1827 2372 2132 2433 Miillerus

226 2466 272 2527 l.
301 2487 357 2527 c.
401 2489 464 2547 p.
498 2464 644 2528 158.
687 2468 939 2529 Felsina
980 2468 1244 2549 posthac
1273 2470 1436 2530 dicta
1464 2477 1562 2532 est
1587 2471 1907 2549 Bononia,
1953 2464 2131 2554 cujus
2234 2496 2236 2498 ·

229 2566 535 2649 originem
576 2566 905 2629 Etruscam
946 2569 1129 2628 multi
1172 2569 1513 2650 scriptores
1558 2577 2016 2648 contestantur,
2060 2577 2133 2630 ut

229 2665 450 2728 Livius
506 2665 687 2728 Libr.
730 2668 937 2728 XXX.
984 2689 1039 2729 c.
1071 2669 1174 2728 37.
1192 2713 1213 2746 ,
1272 2669 1604 2730 XXXVII.
1649 2691 1704 2731 c.
1733 2669 1871 2747 57„
1917 2669 2134 2731 Velle-

229 2763 330 2850 jus
373 2767 510 2826 Pat.
552 2764 730 2826 Libr.
763 2767 816 2827 I.
863 2788 918 2829 c.
950 2767 1050 2829 15.
1094 2776 1145 2842 §.
1178 2770 1277 2844 2.‚
1323 2768 1665 2830 Suetonius
1706 2769 1869 2852 Aug.
1915 2789 1970 2830 c.
2003 2771 2131 2846 96„

231 2866 464 2948 quibus
507 2865 772 2926 addatur
813 2866 1052 2928 Plinius
1082 2866 1156 2928 N.
1185 2868 1265 2928 H.
1308 2867 1489 2927 Libr.
1529 2867 1645 2927 ΙΠ.
1692 2888 1746 2928 c.
1784 2868 1921 2929 15.=
1960 2870 2134 2943 „In-

230 2975 338 3027 tus
382 2966 634 3045 (octava
667 2965 926 3046 regione
969 2966 1253 3028 Arimino
1268 3012 1288 3045 ,
1332 2967 1503 3028 Pado
1548 2975 1615 3027 et
1646 2966 1978 3048 Apennino
2022 2967 2135 3028 ‹le-

228 3063 598 3141 terminata)
631 3063 954 3138 coloniae,
997 3066 1325 3140 Bononia,
1370 3066 1636 3126 Felsina
1662 3066 1950 3126 vocitata
1987 3088 2135 3126 cum

222 3163 528 3246 princeps
555 3161 870 3223 Etruriae
896 3175 1077 3239 esset,
1121 3165 1497 3240 Brixillum,
1541 3164 1829 3239 Mutina,
1861 3169 2132 3242 Parma,
2229 3206 2232 3210 -

219 3252 642 3324 ¹Placentia.“
698 3261 865 3343 Ager
890 3263 1231 3341 Bononiae,
1265 3271 1339 3324 ut
1368 3264 1587 3327 Livius
1614 3264 1790 3324 Libr.
1806 3263 2132 3324 XXXVII.

234 3382 290 3423 c.
322 3361 425 3422 57.
471 3361 590 3438 ait,
652 3366 867 3441 captus
907 3361 986 3421 de
1032 3362 1229 3424 Gallis
1272 3361 1445 3446 Bojis
1488 3363 1728 3424 fiierat:
1787 3363 1952 3424 Galli
1995 3362 2132 3420 Tu·-

232 3481 373 3521 scos
415 3460 811 3542 expulerant.
897 3460 1250 3523 Bononiam
1293 3464 1411 3523 sub
1459 3462 1651 3523 Gallis
1695 3481 1945 3543 quoque
1986 3459 2036 3518 F
2040 3459 2131 3518 el-

233 3560 438 3624 sinam
496 3579 636 3622 esse
692 3558 1066 3643 appellatam
1080 3605 1101 3640 ,
1159 3562 1330 3626 idem
1372 3560 1590 3624 Livius
1648 3565 1908 3623 testatur
1950 3557 2128 3619 Libr.
