2236 3932
245 121 373 185 208
826 143 909 184 nn
954 145 1181 186 cAss1o
1226 146 1593 189 nummum.

411 282 702 365 Denique
758 282 952 344 etiam
1007 287 1148 342 stmt
1200 282 1312 363 qui
1354 302 1391 343 a
1435 271 1649 345 Cassio
1703 291 1960 348 oratore
2002 308 2140 349 car·

241 383 415 444 mina
457 384 691 464 scripta
733 401 870 443 esse
899 380 1202 440 dictitent.
1287 381 1445 443 Nam
1471 384 1716 445 Horatii
1747 384 2002 468 Epodos
2028 387 2141 448 VI.

259 528 262 531 »
335 482 508 563 Quid
548 482 951 542 immerentes
992 478 1275 561 hospites
1321 503 1550 558 vexas,
1596 482 1802 562 canis,

499 584 793 659 Ignavus
837 580 1187 640 adversum
1229 576 1464 663 lupos?

257 724 262 728 -
335 681 511 763 Quin
554 681 680 739 huc
719 677 976 754 inanes,
1022 677 1085 738 si
1118 689 1322 760 potes,
1366 680 1561 742 vertis
1606 680 1845 758 minas,

496 780 586 841 Et
626 798 729 837 me
769 797 1216 838 remorsurum
1264 774 1476 860 petis?

341 880 539 955 Nam,
585 875 799 960 qualis
842 886 961 937 aut
1001 879 1365 953 Molossus,
1422 888 1542 939 aut
1562 880 1808 961 fulvus
1850 880 2098 962 Lacon,

498 976 739 1039 Amica
779 974 880 1036 vis
918 976 1314 1058 pastoribus,

327 1078 552 1158 Agam
582 1098 710 1160 per
751 1077 926 1136 altas
967 1098 1131 1136 aure
1172 1077 1433 1136 sublata
1475 1076 1681 1156 nives,
1774 1109 1782 1117 ·

506 1178 937 1259 Quaecunque
967 1177 1315 1258 praecedet
1337 1177 1529 1256 fera.

263 1320 265 1323 -
335 1282 464 1354 Tu,
507 1299 708 1360 quum
747 1275 1042 1340 timenda
1083 1296 1236 1336 voce
1277 1276 1612 1358 complesti
1649 1299 1899 1359 nemus,

498 1378 863 1455 Projectum
907 1374 1207 1437 odoraris
1242 1374 1475 1436 cibum.

336 1480 528 1555 Cave,
574 1499 731 1537 cave
746 1501 766 1537 .-
810 1496 1090 1557 namque
1130 1474 1200 1535 in
1223 1476 1435 1536 malos
1478 1477 1876 1560 asperrimus

498 1581 756 1639 Parata
797 1576 952 1636 tollo
1005 1595 1287 1648 cornua,-

343 1677 572 1760 Qualis
613 1675 980 1759 Lycambae
1021 1686 1272 1758 spretus
1328 1674 1538 1757 infido
1576 1690 1801 1757 gener,

498 1775 644 1838 Aut
687 1796 835 1836 acer
867 1775 1095 1835 ·hostis
1134 1777 1415 1857 Bupalo·

332 1878 471 1954 An,
515 1876 580 1938 si
615 1875 757 1959 quis
798 1885 947 1935 atro
992 1867 1180 1935 dente
1225 1897 1326 1936 me
1365 1875 1689 1958 petiverit,

499 1978 769 2039 Inultus
804 1986 880 2036 ut
904 1975 1089 2061 flebo
1129 1997 1294 2059 puer
1310 1971 1342 2037 ?
1353 1989 1357 1993 ’

241 2084 310 2146 in
346 2079 564 2142 multis
609 2083 675 2138 ct
716 2081 869 2139 vett.
897 2075 1093 2137 codd.
1137 2075 1317 2136 Mstis
1360 2076 1657 2160 inscripta
1701 2083 1827 2140 est:
1871 2081 1959 2141 In
1988 2082 2145 2144 Cas-

243 2181 415 2244 sium
451 2181 775 2252 Severum,
821 2181 884 2236 et
924 2174 1135 2236 Acron
1163 2175 1547 2238 Scholiastes
1562 2221 1581 2253 ,
1626 2178 1996 2256 „Cassium,
2041 2182 2145 2241 in-

244 2280 406 2363 quit,
448 2275 838 2339 maledicum
868 2284 1140 2357 poetam
1193 2275 1268 2335 in
1311 2297 1380 2336 se
1420 2275 1663 2354 irritat,
1706 2277 2143 2362 minaturque,

245 2379 310 2443 si
346 2378 539 2441 solita
578 2374 759 2437 rabie
779 2374 1005 2456 fuerit
1047 2376 1332 2436 elatus.“
1416 2375 1497 2436 Et
1539 2375 1915 2438 Scholiastes
1949 2377 2144 2460 Cruq.

244 2476 640 2557 „Invehitur
679 2474 756 2536 in
790 2473 1099 2537 Cassium
1138 2477 1444 2535 Severum
1458 2518 1482 2550 ,
1543 2474 1659 2558 qui
1699 2475 2143 2539 dicacissimus

247 2587 392 2640 erat
435 2586 496 2636 et
538 2573 983 2635 amarulentia
1023 2574 1365 2634 verborum
1413 2574 1690 2656 optimos
1732 2596 2010 2659 quosque
2039 2576 2146 2638 in-

247 2675 654 2748 sectabatur3
708 2674 825 2734 sed
857 2672 1082 2754 facile
1112 2673 1511 2755 placabatur
1550 2672 1836 2752 ingluvie
1874 2677 2144 2754 ventris,

249 2777 414 2839 adeo
454 2783 530 2836 ut
571 2772 633 2833 si
672 2772 814 2856 quis
853 2772 920 2833 ei
952 2783 1244 2835 ventrem
1283 2774 1588 2855 repleret,
1633 2774 1714 2833 ab
1759 2775 1895 2852 ejus
1933 2797 2145 2837 cessa-

245 2885 345 2939 ret
397 2871 716 2936 conviciis.
839 2872 1058 2952 Quare
1110 2871 1438 2934 Horatius
1493 2894 1638 2933 eum
1691 2872 1848 2934 cani
1882 2895 2147 2958 compa-

247 2983 359 3036 rat
372 3017 397 3050 ,
456 2970 571 3056 qui
619 2994 767 3033 cum
819 2971 1214 3034 clarissimos
1255 2973 1539 3033 latratus
1580 2981 1810 3032 contra
1861 2974 2140 3056 aliquem

248 3072 545 3147 emittat,
592 3073 957 3154 projectum
1009 3082 1232 3132 tamen
1289 3071 1396 3132 vel
1434 3070 1719 3153 lapidem
1759 3073 1864 3132 vel
1892 3095 2146 3155 panem

249 3175 576 3238 odoretur..
675 3172 792 3231 Ita
836 3171 943 3232 hic
985 3181 1252 3253 accepta
1290 3170 1568 3255 pecunia
1611 3193 1655 3230 a
1696 3171 2144 3234 maledicentia
2231 3238 2236 3243 ,

250 3281 312 3333 et
353 3270 565 3332 nimia
607 3268 950 3331 dicacitate
989 3270 1064 3331 in
1107 3292 1251 3346 eos,
1272 3274 1275 3278 ’
1294 3269 1411 3353 qui
1449 3270 1737 3331 lacessiti
1761 3273 2148 3354 respondere

249 3392 386 3432 non
440 3379 780 3454 poterant,
847 3369 1229 3431 abstinebat.
1324 3369 1501 3434 Huic
1554 3369 1775 3452 itaque
1814 3372 1983 3430 male
2023 3368 2148 3429 mi-

251 3480 456 3531 natur
497 3468 873 3549 'Horatius,
944 3469 1008 3529 si
1060 3468 1257 3530 solita
1313 3469 1496 3530 rabie
1552 3469 1861 3530 incessere
1909 3478 2146 3550 pergat

251 3568 594 3631 miseros.“
678 3568 1067 3631 scholiastae
1113 3567 1396 3630 Cassium
1435 3570 1616 3631 illum
1657 3589 1786 3631 non
1809 3573 2148 3629 oratorem
