2236 3932
699 201 781 240 nn
829 201 887 242 ι.
917 197 1125 240 νΑιιω
1171 197 1409 238 ron-m.
1910 178 1998 240 29

100 339 218 413 „F
210 336 312 399 uit
352 345 570 397 autem
582 378 609 410 ‚
649 335 889 417 inquit,
947 335 1032 397 L.
1081 333 1332 399 Varius
1372 344 1435 395 et
1472 334 1616 416 ipse
1655 333 1994 410 carminiS,

99 436 590 516 tragoediamm
630 445 693 496 et
733 438 1097 514 eclogarum
1136 444 1367 495 auctor
1380 477 1404 509 ,
1463 432 1734 512 Virgilii
1771 445 1998 494 contu-

99 536 382 599 bernali-s
394 536 546 615 ²²).“
661 532 876 596 Sohol.
936 533 1162 617 Cruq.:
1213 533 1427 610 „Fuit
1468 543 1687 593 autem
1749 532 1999 595 Varius

101 634 733 716 tragoediographus
773 633 1008 695 ‘nobilis
1020 677 1044 709 ,
1094 653 1216 695 mec
1254 655 1389 694 non
1429 634 1795 711 eclogarum
1836 630 2000 692 scri-

97 744 250 816 ptor
259 778 283 808 ,
326 732 604 795 Horatii
649 733 1036 817 Virgiliique
1077 731 1627 795 conmbemaliS.“
1709 730 2002 813 Porphy-

100 834 297 894 rionis
353 833 791 894 auctoritatem
850 840 1100 895 secutus
1157 831 1621 893 Wernsdorfius
1678 831 1748 892 in
1802 830 1874 891 P.
1922 830 2003 891 L.

100 931 188 991 M.
231 933 372 994 Vol.
399 932 508 994 IV.
551 932 623 993 P.
663 934 724 994 2.
773 955 836 1014 p.
866 934 1013 994 804.
1067 933 1227 993 nihil
1271 932 1555 1008 dubitat,
1621 930 1705 992 L.
1746 932 2006 992 Vari1m1

101 1031 309 1113 poetis
364 1032 669 1094 bucolicis
729 1052 1094 1093 accensere=
1150 1033 1219 1092 id
1261 1032 1435 1112 quod
1477 1037 1720 1092 temere
1761 1030 2006 1092 factum

101 1137 279 1212 puto.
388 1131 550 1192 Nam
617 1132 697 1192 ab
766 1131 890 1193 hoc
946 1130 1443 1192 Scholiastarum
1512 1130 1883 1192 testimonio
1953 1129 2008 1190 si

104 1226 503 1308 discesseris,
573 1252 711 1292 non
765 1230 917 1291 alibi
973 1230 1322 1311 quidquam
1378 1229 1460 1288 de
1516 1228 1696 1289 Varii
1753 1229 2007 1312 Eclogis

103 1331 451 1392 memoriae
491 1330 795 1391 traditum
814 1329 1117 1410 reperias.
1204 1327 1608 1409 Quapropter
1642 1329 1835 1389 etiam
1860 1330 2010 1390 illo-

106 1451 252 1491 rum
291 1429 483 1493 fidem
522 1429 752 1490 merito
796 1427 1026 1487 dubius
1067 1427 1472 1507 amplectitur
1521 1425 1582 1488 J.
1624 1428 1707 1487 H.
1751 1428 2011 1488 Vossius

105 1531 190 1591 ad
230 1527 476 1611 Virgilii
516 1527 732 1610 Eclog.
757 1525 864 1588 VI.
907 1547 970 1607 p.
1004 1527 1150 1588 288.
1165 1568 1185 1602 ,
1228 1546 1350 1586 nec
1389 1526 1549 1586 mihi
1588 1524 2012 1607 improbabile

104 1629 358 1691 videtur
372 1670 392 1701 ‚
452 1625 835 1687 Scholiastas
875 1626 1020 1686 illos
1035 1669 1056 1702 ‚
1101 1624 1412 1706 quidquid
1455 1632 1553 1687 est
1594 1622 1784 1708 hujus
1827 1625 2011 1686 testi-

106 1726 339 1804 monii,
379 1725 700 1788 levissima
745 1723 1108 1808 conjectura
1150 1725 1414 1786 duxisse
1457 1746 1545 1786 ex
1579 1725 1692 1786 illo
1708 1769 1728 1802 ‚
1773 1727 1853 1787 ‹le
1880 1746 2008 1807 quo

109 1848 253 1890 cum
307 1826 590 1887 maxime
645 1826 1006 1908 quaerimus
1019 1869 1039 1902 ,
1111 1826 1253 1887 loco
1268 1868 1290 1902 ,
1373 1845 1501 1907 quo
1542 1818 1855 1908 ‘Virgilius
1942 1846 2012 1887 se

108 1928 392 1989 bucolica
459 1927 843 1988 scribentem
896 1925 1175 1987 carmina
1231 1946 1379 1987 cum
1436 1921 1625 1986 Vario
1688 1931 1755 1986 et
1809 1924 2014 1987 Cinna

110 2027 453 2110 componit.
551 2026 639 2087 At
692 2045 834 2087 eam
889 2025 1370 2110 argumentandi
1424 2022 1742 2086 rationem
1802 2025 1856 2086 si
1910 2045 2014 2087 se-

110 2129 394 2209 quimur,
436 2148 569 2188 non
613 2126 953 2187 absurdum
978 2125 1146 2187 foret
1177 2146 1264 2187 ex
1290 2124 1596 2187 Martialis
1629 2124 1813 2188 Libr.
1830 2124 2012 2192 VIH.

12 2214 14 2219 ’
110 2226 460 2310 Epigr.·56.
502 2248 567 2289 v.
596 2228 701 2287 21.

204 2326 380 2407 Quid
423 2325 666 2391 Varios
693 2328 1073 2408 Marsosque
1114 2327 1345 2408 loquar
1372 2324 1710 2409 ditataque
1737 2334 1968 2386 vatum

303 2425 628 2501 Nomina,
670 2419 951 2504 magnit-s·
993 2424 1117 2486 erit
1158 2447 1315 2508 quos
1355 2447 1702 2486 numerare
1744 2424 1965 2498 labor,-

95 2526 408 2610 *colligere
423 2569 444 2603 ‚
524 2526 822 2587 eumdem
889 2524 1357 2609 Epigrammata
1428 2544 1684 2607 quoque
1755 2544 2015 2605 compo-

115 2625 317 2686 suisse
331 2625 429 2704 ²³).
535 2624 795 2687 Accedit
850 2623 1061 2688 servii
1116 2632 1182 2686 et
1237 2625 1615 2710 Philargyrii
1676 2625 2014 2686 silentium.

115 2724 234 2787 hac
287 2725 357 2786 in
400 2745 616 2787 caussa
668 2725 933 2787 minime
972 2721 1409 2807 rejiciendum.
1493 2725 1653 2788 Nam
1694 2724 1917 2787 Varius
1962 2724 2016 2784 si

260 2983 356 3048 22)
394 2980 478 3034 Sic
511 2985 735 3047 scriptum
773 2981 865 3034 hoc
900 2981 1146 3035 scholium
1179 2985 1360 3051 leg-itur
1393 2987 1442 3036 in
1478 2982 1648 3036 Horat.
1687 2981 1818 3032 Edit.
1854 2979 2012 3032 Basil.

121 3056 276 3106 1555.
358 3053 487 3105 Petr-
535 3054 803 3105 Scriverius
850 3059 900 3106 in
950 3054 1152 3107 Testim.
1205 3056 1267 3107 dc
1322 3067 1438 3109 vett.
1478 3057 1699 3121 Tragicis
1735 3063 1783 3103 et
1817 3052 1900 3102 Fr.
1942 3050 2016 3103 H.

115 3124 326 3176 Bothiuo
359 3128 411 3176 in
445 3125 581 3179 Poet.
620 3125 764 3178 Sccn.
801 3126 913 3178 Lat.
964 3127 1083 3179 voi.
1112 3125 1183 3179 V.
1218 3127 1274 3180 P.
1299 3136 1344 3181 1.
1382 3149 1430 3193 p.
1465 3135 1585 3181 257.
1624 3127 1866 3187 referunt,
1897 3121 2016 3174 Por-

119 3195 403 3317 phyrionculu
439 3198 552 3249 «lare
586 3198 854 3263 Elegorum
887 3218 976 3263 pro
1008 3199 1311 3265 Eclogarum
1326 3220 1345 3253 .-
1382 3201 1434 3251 id
1470 3218 1534 3251 cx
1566 3217 1660 3262 quo
1695 3199 1826 3247 fonte
1857 3184 2018 3246 fluia-

119 3271 210 3330 rit,
250 3285 327 3317 me
385 3272 505 3333 ugit.
1856 3326 1859 3329 .

266 3341 359 3404 23)
407 3340 563 3391 Etiam
611 3344 659 3390 in
694 3339 785 3391 hoc
833 3340 1071 3393 Martialis
1115 3344 1225 3393 loco
1260 3362 1347 3406 pro
1382 3343 1515 3406 vulg.
1561 3341 1622 3390 V
1612 3359 1726 3391 aros
1759 3338 2015 3405 legendum

122 3428 230 3462 asc
273 3411 484 3472 Varios,
522 3422 574 3462 ut
608 3414 725 3463 vidit
760 3417 856 3476 jam
891 3414 1183 3465 Meibomius
1208 3417 1270 3464 ‘in
1290 3413 1566 3464 Maecenate
1603 3430 1645 3463 c.
1674 3418 1758 3462 18.
1798 3430 1847 3474 p.
1879 3417 2019 3472 109„

122 3487 188 3534 ita
228 3487 332 3543 jure
367 3485 605 3534 contendit
641 3482 867 3536 Osanna·
910 3486 970 3536 ad
1005 3486 1269 3550 Apuleium
1306 3487 1355 3537 d.
1395 3485 1626 3548 Orthogr.
1655 3483 1712 3547 ἰ).
1746 3489 1828 3534 69.
1906 3481 2017 3547 Qua

123 3557 306 3605 ratione
357 3555 546 3605 Varius
593 3574 701 3606 cum
748 3556 917 3607 Marso
962 3556 1012 3607 h.
1047 3559 1083 3608 1.
1123 3566 1429 3621 componatur
1472 3574 1500 3607 a
1536 3564 1677 3621 pocta
1710 3553 2015 3616 Bilbilitauo,

123 3627 263 3678 docui
298 3629 347 3677 in
383 3625 648 3679 Commeat.
682 3627 746 3678 de
780 3627 999 3680 Domitio
1033 3629 1220 3684 Marso
1255 3633 1294 3690 ἕ.
1325 3633 1376 3680 4.
1413 3626 1478 3679 N.
1516 3634 1600 3680 17.
