2236 3932
219 148 306 210 92
831 165 916 206 nn
959 165 1018 205 ι.
1048 162 1259 206 vinno
1300 163 1539 206 POETA.

215 321 416 384 puero
470 298 755 362 formoso
771 343 792 381 ⁹.
859 319 899 361 a
951 296 1318 358 Maecenate
1373 297 1629 359 muneri
1685 297 1994 379 acceperit
2055 304 2122 360 et

217 401 646 479 Amaryllidos
715 398 976 459 nomine
1047 395 1280 477 Ecloga
1347 399 1623 461 secunda
1695 396 2121 459 celebraverit.

218 498 294 560 Id
338 506 555 559 autem
597 498 738 579 quis
765 496 884 557 sibi
913 494 1292 575 persuadeat
1319 497 1659 558 verisimile
1683 491 1872 557 esse?
1917 496 2123 572 Quare

218 598 379 659 mihi
448 603 812 677 temporum
868 612 1212 671 rerumque
1265 601 1586 656 momenta
1635 600 1923 657 accurate
1963 616 2124 676 pen-

217 696 432 757 sitanti
476 696 740 755 subnata
797 696 894 750 est
950 690 1255 771 suspicio,
1311 708 1438 773 qua
1493 695 1699 755 omnis
1769 692 2122 771 difficultaS,

219 816 412 878 quae,
460 813 713 875 quoquo
757 796 823 851 te
866 795 1076 852 vertas
1093 835 1112 868 ,
1158 791 1277 851 tibi
1321 789 1617 874 objicitur
1631 838 1654 871 ,
1697 793 1940 854 sublata
1973 812 2124 855 eva-

216 895 436 954 nescit.
537 890 693 950 Mihi
750 889 922 948 enim
980 889 1236 950 videtur
1292 892 1459 971 apud
1515 892 1835 953 Donatum
1887 912 2123 952 nomen

216 991 495 1054 Hieriae
538 990 672 1050 Sive
713 985 1027 1061 Aleriae,
1078 990 1251 1069 quod
1291 989 1432 1070 ipsa
1472 991 1770 1053 varietate
1795 997 2124 1072 corrupte-
2216 991 2221 994 ’

217 1092 348 1151 lam
389 1088 634 1170 prodit,
709 1083 1029 1169 adjectum
1086 1108 1228 1149 esse
1285 1089 1364 1150 ab
1420 1089 1677 1150 homine
1707 1091 1930 1153 nescio
1975 1111 2124 1171 quO,

217 1190 329 1270 qui
343 1233 362 1266 ‚
436 1194 508 1248 ut
562 1187 895 1270 Virgilium
952 1187 1248 1247 adulterii
1320 1187 1583 1250 crimine
1639 1210 1782 1250 cum
1846 1190 2126 1272 legitima

218 1295 285 1352 et
343 1289 617 1371 ingenua
684 1285 864 1347 Varii
930 1307 1140 1348 uxore
1206 1287 1539 1365 liberaret,
1607 1288 1960 1349 inconsulto
2020 1289 2125 1350 hic

216 1387 510 1471 posuerit
550 1406 789 1447 nomen
829 1386 1076 1466 puellae
1092 1429 1113 1462 ,
1159 1406 1351 1468 quam
1389 1387 1765 1449 meminerat
1804 1387 2047 1448 Maroni
2087 1407 2125 1448 a

215 1487 586 1548 Maecenate
647 1486 947 1546 donatam
974 1483 976 1485 ’
1008 1505 1170 1546 esse.
1279 1485 1379 1546 Ita
1435 1485 1693 1563 Plotia,
1768 1488 1938 1568 quod
1992 1493 2127 1548 erat

217 1587 564 1670 genuinum
605 1584 1091 1646 litteratissimae
1146 1585 1311 1645 illius
1353 1584 1627 1647 feminae
1676 1607 1941 1663 nomen,
2008 1606 2126 1667 per

217 1685 512 1747 librarios
570 1685 818 1747 invenit
874 1704 1226 1767 cognomen
1266 1683 1542 1745 Hieriae
1553 1728 1579 1759 ‚
1651 1685 1824 1766 quod
1866 1686 1944 1745 ab
1989 1686 2125 1746 aliis

219 1787 632 1866 depravatum
675 1789 773 1844 est
813 1783 884 1843 in
910 1783 1149 1844 Aleria
1191 1789 1256 1844 et
1285 1781 1501 1843 Leria.
1585 1783 1744 1844 Nam
1773 1786 1941 1866 apud
1971 1784 2124 1845 Ser—

218 1885 397 1947 vium
438 1885 519 1945 ad
561 1882 813 1966 Virgilii
853 1882 1070 1966 Eclog.
1111 1881 1204 1944 Π.ι
1245 1881 1346 1944 15.
1402 1885 1841 1964 reponendum
1896 1904 2130 1946 censeo

221 1985 454 2047 servile
496 1981 771 2045 Hieriae
811 2003 1070 2044 nomen.

394 2138 502 2202 Ex
542 2139 663 2202 hac
707 2139 1158 2222 qualicumque
1203 2135 1566 2224 conjectura
1606 2140 1881 2201 multum
1920 2139 2128 2200 lucra-

221 2261 390 2306 mur.
474 2238 665 2317 Nam,
725 2239 931 2300 deleto
977 2241 1143 2321 apud
1185 2239 1508 2300 Donatum
1534 2241 1612 2300 H
1609 2238 1809 2300 iem-iae
1848 2242 2130 2318 nomine,

221 2341 407 2402 nobis
452 2360 520 2401 se
565 2338 750 2402 offert
790 2338 1005 2400 Plotia
1020 2384 1040 2417 ,
1099 2339 1327 2405 mulier
1367 2339 1638 2422 ingenua
1694 2345 1759 2400 et
1802 2360 1888 2400 ex
1929 2340 2129 2400 nobili

208 2439 495 2525 ,oriunda
537 2444 724 2523 gente
739 2483 759 2518 ,
813 2459 976 2520 quae
1022 2439 1295 2499 dubitari
1335 2439 1449 2500 vix
1491 2444 1699 2520 potest
1741 2439 1895 2519 quin
1934 2438 2131 2500 fuerit

222 2539 280 2600 si
335 2559 468 2599 non
526 2560 742 2614 soror,
813 2544 986 2599 certe
1050 2544 1308 2622 cognata
1362 2538 1532 2598 illius
1588 2537 1792 2600 Plotia·
1853 2539 2128 2613 Tuccae,

225 2658 422 2721 quem
462 2638 753 2700 novimus
788 2658 931 2698 cum
963 2637 1262 2722 Virgilio,
1306 2638 1568 2699 Horatio
1612 2644 1677 2699 et
1707 2636 1899 2698 Vario
1932 2635 2127 2698 fuisse

227 2734 811 2820 conjunctissimum
822 2736 920 2816 ⁷⁴).
992 2735 1169 2800 Hanc
1211 2738 1467 2819 quidem
1497 2736 1914 2818 suspicionem
1937 2756 2126 2797 nemo

225 2858 359 2913 non
399 2836 576 2899 videt
616 2835 881 2898 mirifice
919 2837 1347 2899 commendari
1388 2857 1605 2901 rerum
1646 2841 2128 2916 temporumque

224 2936 603 2996 rationibuS.
701 2934 880 2996 Sicut
935 2937 1105 2997 enim
1148 2936 1383 2996 Plotius
1427 2937 1640 2997 Tucca
1680 2935 1781 2998 vir
1822 2934 1939 2995 fuit
1982 2955 2128 3016 per-

227 3034 415 3117 politi
454 3034 725 3118 ingenii,
786 3035 1220 3117 elegantiaque
1263 3035 1582 3096 doctrinae
1627 3035 1943 3095 excellens
1959 3079 1979 3111 ‚
2038 3035 2128 3095 ita

229 3155 517 3195 sororem
560 3131 695 3216 ejus
739 3140 1144 3216 cognatamve
1187 3135 1514 3216 probabile
1566 3140 1664 3195 est
1705 3133 1902 3194 fuisse
1943 3133 2128 3215 puel-

228 3234 358 3295 lam
413 3233 956 3294 litteratissimam.
1067 3233 1284 3314 Neque
1340 3233 1747 3310 mirabimur,
1804 3254 1946 3294 eam
2007 3232 2127 3293 sibi

228 3333 632 3394 matrimonio
683 3318 972 3417 junxisse
1024 3331 1104 3393 L.
1138 3332 1404 3397 Varium
1457 3332 1743 3394 Poetam.
1809 3332 2126 3394 'Fuerunt

376 3585 472 3652 74)
509 3586 587 3638 De
621 3586 786 3640 Plotio
824 3588 994 3639 Tucca
1027 3587 1126 3639 vid.
1163 3604 1308 3652 supra
1343 3590 1387 3654 ξ.
1417 3595 1467 3641 8.
1506 3596 1604 3639 not.
1627 3594 1714 3640 38.
1750 3556 1754 3559 -
