2236 3932
723 216 807 258 ΒΕ
853 219 912 258 1..
955 216 1164 261 vAmo
1210 217 1449 258 POETA.
1944 195 2028 258 75

124 354 468 436 perfecta3
522 352 636 413 sed
690 351 985 435 deinceps
1035 353 1382 415 tractando
1453 353 1837 436 colendoque
1886 353 2036 414 recl-

134 454 284 511 dere
336 451 419 512 iis
471 473 540 511 se
595 451 732 511 oris
785 461 846 511 et
903 453 1122 513 vultus
1175 450 1645 512 lineamenta.“
1740 451 1910 513 Haec
1953 453 2034 513 ad

136 550 445 632 Georgica
483 550 877 630 potissimum
921 557 1231 630 spectare,
1294 571 1460 632 quae
1514 549 1792 632 perfecta
1836 571 2035 632 expo-

133 650 372 730 litaque
425 648 681 729 reliquit
694 693 714 724 ,
775 668 921 709 cum
963 649 1245 710 Donatus
1288 649 1360 709 in
1399 649 1531 710 Vit.
1574 650 1790 733 Virgil.
1834 670 1890 711 c.
1921 650 2037 710 IX.

132 756 179 822 §.
199 749 304 807 33.
348 754 618 808 testatur
635 792 655 824 ,
700 753 840 806 tum
865 747 1255 827 confirmant,
1301 769 1466 830 quae
1493 754 1846 830 sequuntur
1860 742 2040 830 'apud

134 846 445 925 Gellium,
505 846 615 928 qui
655 846 895 930 pergitz
939 849 1104 922 „sed
1145 869 1311 930 quae
1340 847 1843 930 procrastinata
1885 857 2041 908 sunt

134 945 219 1005 ab
260 967 336 1006 eo
350 990 374 1020 ,
421 957 496 1006 ut
529 956 687 1028 post
729 956 1242 1021 recenserentur,
1298 957 1362 1006 et
1403 946 1685 1023 absolvi,
1730 946 2042 1031 quoniam

130 1065 311 1105 mors
342 1056 834 1126 praeverterat,
877 1045 1328 1128 nequiverunt,
1373 1068 1787 1129 nequaquam
1806 1056 2044 1130 poeta-

131 1166 285 1205 rum
306 1144 772 1223 elegantissimi
805 1144 1069 1205 nomine
1111 1155 1306 1227 atque
1337 1145 1585 1224 judicio
1615 1146 1822 1225 digna
1863 1156 2042 1208 sunt.

131 1245 370 1327 Itaque
401 1240 599 1328 quum
612 1289 636 1320 ,
679 1244 902 1305 morbo
933 1264 1280 1326 oppressus
1292 1287 1319 1320 ,
1365 1246 1728 1305 adventare
1766 1254 2044 1306 mortem

133 1343 382 1404 videret
396 1388 421 1420 ,
482 1343 720 1426 petivit
776 1342 1113 1426 oravitque
1166 1364 1213 1402 a
1268 1342 1406 1403 suis
1449 1342 1863 1405 amicissimis
1920 1344 2046 1406 ὑη-

124 1465 331 1526 pense
341 1487 365 1519 ,
441 1453 519 1504 ut
572 1440 914 1517 Aeneida,
990 1462 1189 1523 quam
1245 1443 1544 1502 nondum
1598 1441 1763 1503 satis
1816 1442 2048 1504 elima·

132 1543 364 1617 visset,
408 1542 824 1602 adolerent.“
908 1538 1052 1601 Jam
1093 1540 1163 1599 in
1193 1541 1591 1601 amicissimis
1606 1585 1626 1618 ,
1688 1563 1853 1623 quos
1897 1543 2046 1604 Vir-

132 1642 318 1726 gilius
359 1641 777 1702 moribundus
818 1640 1107 1720 impense
1162 1641 1510 1723 rogaverit,
1583 1647 1656 1701 ut
1695 1642 2046 1703 Aeneidem

133 1742 592 1816 comburerent,
633 1740 864 1800 scimus
893 1738 1086 1800 fuisse
1117 1738 1195 1799 L.
1211 1741 1471 1801 Varium
1495 1748 1772 1822 poetam.
1834 1741 2048 1824 Quare

132 1840 491 1903 verisimilis
546 1840 892 1900 admodmn
952 1846 1050 1899 est
1107 1839 1459 1924 Spaldingii
1525 1839 1889 1925 conjectura
1946 1843 2047 1902 di-

134 1941 334 2003 centis
350 1985 370 2018 ‚
412 1940 585 2001 hunc
610 1939 822 2019 ipsum
849 1938 1043 1999 fuisse
1087 1961 1173 1999 ex
1200 1940 1277 1999 iis
1294 1985 1313 2017 ,
1360 1962 1520 2021 quos
1563 1940 1635 2002 A.
1669 1940 1914 2003 Gellius
1943 1963 2048 2004 re·-

131 2040 299 2102 ferat
339 2040 650 2121 quaedam
692 2040 772 2100 de
816 2038 886 2099 P.
914 2039 1155 2122 Virgilii
1185 2040 1438 2123 ingenio
1467 2042 1881 2123 moribusque
1907 2063 2048 2104 me-

132 2141 373 2202 moriae
413 2139 789 2222 prodidisse.
896 2140 1217 2201 Credibile
1260 2146 1477 2201 autem
1519 2146 1650 2218 est,
1707 2141 1832 2203 hoc
1889 2163 2050 2224 opu-

132 2241 378 2302 sculum
406 2245 552 2323 post
584 2238 833 2322 Virgilii
873 2247 1149 2301 mortem
1192 2261 1250 2302 a.
1278 2240 1355 2301 U.
1388 2241 1458 2302 C.
1486 2237 1633 2302 735.
1681 2261 1719 2303 a
1748 2241 1827 2303 L.
1858 2242 2048 2305 Vario

134 2340 440 2421 scriptum
481 2346 549 2401 et
590 2340 834 2401 editum
874 2339 1069 2402 fuisse
1085 2385 1105 2418 ,
1160 2361 1290 2421 quo
1334 2340 1519 2402 amici
1562 2341 1659 2403 sui
1700 2344 2049 2404 memoriae

135 2446 202 2501 et
241 2440 415 2500 laudi
456 2441 624 2521 apud
669 2441 965 2521 aequales
1009 2447 1428 2523 posterosque
1478 2442 1836 2504 consuleret
1877 2441 2049 2527 ejus-

135 2559 264 2621 que
305 2540 426 2623 piis
467 2539 756 2601 Manibus
797 2541 994 2602 veluti
1035 2547 1396 2623 parentaret
1410 2585 1431 2618 ,
1480 2549 1554 2602 ut
1595 2543 1810 2604 statuit
1852 2544 2046 2606 etiam

136 2639 216 2703 G.
242 2639 375 2702 Nic.
404 2639 838 2702 Heerkensius
877 2639 948 2701 in
988 2639 1197 2703 Praef.
1242 2641 1325 2702 ad
1365 2639 1540 2703 Icon.
1584 2663 1651 2726 p.
1681 2641 1886 2706 LVH.

997 2822 1050 2890 §·
1098 2815 1203 2876 13.

303 2940 650 3024 Postquam
721 2942 801 3005 de
854 2942 1024 3006 vitae
1092 2944 1285 3006 rebus
1345 2945 1695 3028 studiisque
1748 2944 1827 3008 L.
1869 2946 2046 3009 Varii

134 3037 366 3101 Poetae
421 3042 836 3123 exposuimus
851 3088 871 3121 ,
941 3050 1007 3105 et
1071 3044 1153 3105 de
1221 3050 1512 3128 tempore
1569 3053 1756 3129 atque
1820 3047 2045 3109 ordine

131 3138 610 3220 inquisivimus,
655 3165 786 3224 quo
823 3143 1168 3205 verisimile
1194 3144 1519 3208 videretur
1561 3148 1642 3209 ab
1686 3167 1765 3208 eo
1810 3147 2046 3230 scripta

135 3256 277 3298 esse
335 3240 616 3320 diversa,
688 3264 850 3324 quae
893 3235 1500 3324 commemorentur,
1559 3247 1863 3323 carmina3
1934 3267 2044 3310 su·-

133 3344 350 3417 perest
364 3381 384 3414 ‚
457 3347 528 3401 ut
585 3362 807 3404 eorum
862 3342 1177 3425 Reliquias
1194 3389 1215 3423 ,
1278 3365 1441 3427 quae
1498 3347 1818 3428 dispersae
1877 3351 2044 3431 apud

132 3436 474 3519 scriptores
515 3447 766 3503 veteres
807 3442 1250 3524 inveniuntur,
1314 3447 1605 3507 collectas
1645 3446 2044 3529 proferamus

134 3542 202 3596 et
246 3538 693 3622 qualicumque
749 3542 1153 3606 adnotatione
1196 3551 1414 3607 nostra
1472 3545 1879 3611 illustremus.
1964 3548 2041 3610 In

136 3635 230 3696 eis
274 3637 529 3717 quidem
571 3639 942 3724 colligendis
994 3642 1234 3726 aliquid
1275 3665 1508 3728 operae
1551 3646 1870 3730 smdiique
1910 3646 2040 3733 jam
