2236 3932
681 212 763 252 on
809 211 869 252 ι.
911 209 1120 253 vnum
1164 209 1406 251 rom-A.
1905 190 1996 253 93

91 350 287 433 igitur
305 346 537 410 Varius
578 354 648 410 et
686 347 929 408 Plotius
949 345 1175 408 affines
1188 388 1211 424 ,
1254 345 1633 427 quibuscum
1668 346 1998 430 Virgilium

92 457 226 510 tam
278 448 669 510 familiariter
706 447 951 509 vixisse
991 446 1223 508 scimus
1236 490 1258 524 ,
1311 449 1385 505 ut
1422 445 1840 507 moribundus
1885 467 1998 510 eos

90 568 249 631 prae
306 548 568 609 caeteris
622 546 928 608 haeredes
982 547 1313 607 scriberet.
1413 543 1557 626 Qua
1596 545 1667 605 in
1707 565 1781 606 re
1824 546 1997 608 haud

92 648 222 708 scio
266 665 349 706 an
389 646 551 706 nihil
594 646 939 726 quidquam
980 646 1371 722 inveniatur,
1416 644 1592 726 quod
1633 665 1753 705 nos
1795 665 2000 726 paene

91 751 305 829 cogat,
362 751 436 806 ut
474 745 821 806 Mantuano
884 752 1111 826 poetae
1150 745 1523 806 interiorem
1565 744 1999 825 artioremque

89 865 234 907 cum
306 851 581 927 utroque
652 841 1212 922 necessitudinem}
1284 840 1722 926 majoremque
1779 864 2000 906 rerum

88 945 575 1009 domesticarum
641 944 1157 1007 communionem
1220 942 1655 1006 intercessisse
1668 926 1681 939 ⁸
1723 943 2000 1026 suspice-

90 1065 238 1106 mur
250 1043 349 1125 ⁷⁵).

944 1197 998 1264 §.
1045 1187 1146 1251 15.

261 1329 302 1393 J
303 1351 407 1392 am
461 1351 610 1394 cum
662 1332 784 1394 hac
838 1331 1120 1415 legitima
1173 1329 1251 1391 L.
1289 1328 1473 1390 Varii
1514 1331 1723 1392 uxore
1768 1329 2002 1394 Gram-

88 1432 307 1493 matici
347 1431 696 1493 memoriae
738 1431 995 1492 tradunt
1017 1430 1348 1513 Virgilium
1378 1449 1720 1493 consuesse
1737 1455 1755 1492 ε
1809 1453 2005 1514 quam

91 1531 301 1593 labem
354 1532 523 1593 vitae
581 1527 719 1612 ejus
776 1530 1144 1611 adspersam
1202 1530 1316 1610 qui
1374 1530 1630 1592 diluere¹
1675 1539 2002 1610 conantur,

92 1631 185 1691 eis
239 1630 597 1711 periculum
649 1633 751 1689 est
803 1648 910 1689 ne.
930 1628 1164 1690 frustra
1210 1648 1471 1710 operam
1527 1631 1898 1712 impendant
1940 1638 2005 1694 et

91 1735 344 1810 turpem
385 1735 751 1810 temporum
804 1728 1206 1809 antiquorum
1263 1735 1364 1806 et,
1422 1730 1535 1811 qui
1589 1731 1659 1791 in
1713 1732 1855 1792 illis.
1885 1751 2004 1813 per

91 1849 314 1890 omnes
354 1829 690 1890 hominum
731 1829 988 1890 ordines
1028 1827 1462 1907 invaluerant,
1517 1850 1774 1903 morum
1813 1830 2004 1913 igno·-

90 1929 359 1989 rantiam
414 1928 708 2009 prodant.
809 1926 1046 1990 Libere
1105 1928 1312 1989 dicam
1326 1972 1347 2006 ,
1409 1930 1583 2010 quod
1630 1931 1838 1992 sentio
1853 1975 1874 2008 ,
1935 1935 2003 1992 et

90 2028 206 2091 vix
247 2027 406 2088 mihi
447 2035 802 2109 temperare
844 2048 1144 2109 possum,
1208 2029 1396 2110 quin,
1456 2049 1619 2110 quae
1678 2028 2000 2111 Spohnius

92 2128 173 2188 ‹le
215 2126 462 2211 Virgilii
504 2128 574 2187 in
614 2148 851 2209 pueros
882 2148 1100 2191 amore
1141 2129 1426 2212 scripsit,
1468 2128 1597 2191 huc
1621 2129 2003 2193 transferam

91 2232 155 2288 et
194 2247 338 2288 mea
378 2225 608 2290 faciam
621 2227 720 2310 ⁷⁶).

234 2429 327 2494 7⁵)
362 2427 472 2480 Non
500 2429 703 2479 multum
727 2430 862 2482 abest
893 2434 1008 2495 quiu
1036 2431 1184 2494 huius
1218 2435 1480 2485 sententiae
1506 2451 1642 2485 meae
1677 2431 2003 2483 testimonium

91 2499 245 2550 dicum
268 2518 404 2551 csse
452 2501 584 2551 istud
631 2500 936 2576 Epigmpma
973 2503 1073 2555 lx.
1124 2507 1175 2555 in
1223 2504 1458 2558 catalect.
1493 2505 1703 2571 Virgilii
1738 2502 1861 2554 Vol.
1900 2502 2000 2555 lv.

91 2590 141 2635 p.
184 2579 307 2623 362.
358 2572 436 2622 ed.
485 2573 704 2636 Wagm,
767 2575 894 2638 quod
943 2579 1138 2627 tractavi
1178 2579 1230 2627 in
1278 2575 1546 2628 Commeat.
1595 2576 1659 2628 de
1706 2576 1763 2627 G.
1800 2574 2002 2627 Licinio

95 2644 245 2694 calm
281 2640 429 2694 Poeta
466 2646 512 2707 §.
541 2650 591 2695 7.
629 2643 691 2694 Ν.
713 2651 798 2696 23.
1894 2690 1897 2693 .

235 2717 329 2782 76)
378 2716 596 2767 Tametsi
639 2717 972 2768 veremudiam
1004 2716 1211 2785 Virgilii
1258 2718 1509 2773 defensum
1544 2723 1734 2772 iverunt
1767 2718 1997 2786 Baylius,

90 2784 365 2848 Martinam
411 2785 669 2851 Klotzius,
713 2790 828 2852 alii,
877 2799 1035 2840 tamen
1084 2793 1262 2841 frustra
1308 2802 1578 2859 pugnarunt
1624 2802 1788 2843 contra
1841 2803 1998 2843 tantae

91 2861 384 2910 auctoritati·
417 2869 598 2925 testes,
646 2871 848 2923 quantae
884 2871 995 2911 sunt
1029 2861 1271 2913 Martialis
1318 2873 1367 2914 et
1399 2864 1680 2929 Apuleius,
1733 2866 1902 2928 quibus
1937 2881 2000 2914 nc

91 2929 317 2996 Heyuiue
351 2932 544 2995 quidem
579 2932 639 2983 ad
674 2931 852 2983 Donati
888 2931 996 2983 Vit.
1035 2932 1239 3000 Virgilii
1275 2952 1318 2986 c.
1346 2934 1417 2987 V.
1453 2939 1499 3001 §.
1529 2944 1618 2988 20.
1666 2936 1812 2987 fidem
1858 2937 1998 2986 dero-

93 3020 207 3067 gare
237 3020 383 3054 ausus
418 3011 492 3053 est
507 3042 523 3065 ,
575 3007 817 3068 ceteroqui
853 3008 1254 3070 propensissimus
1287 3011 1549 3075 nugacibus
1579 3010 1788 3059 tribuere
1826 3005 2000 3057 Gram-

94 3076 307 3139 maticis,
350 3075 581 3139 quidquid
628 3076 690 3125 de
735 3075 951 3140 Virgilio
1005 3078 1207 3128 relatum
1242 3081 1396 3143 ipsius
1430 3082 1593 3131 senisui
1622 3098 1677 3130 ac
1704 3080 1879 3143 judicio
1913 3096 2001 3142 pa-

94 3163 201 3194 rum
244 3147 542 3208 probaretur.
623 3145 723 3197 sed
771 3151 1020 3199 verissime
1071 3142 1316 3213 Spohnius
1363 3154 1413 3203 in
1446 3150 1640 3217 Proleg.
1694 3151 1756 3201 ad
1791 3147 2000 3215 Virgilii

93 3215 324 3267 Bucolica
357 3235 408 3282 p.
432 3225 520 3270 24.
553 3218 932 3282 „Testimoniffi
966 3223 1147 3286 inquit,
1184 3221 1321 3274 cei-ta
1354 3226 1399 3274 ei
1430 3236 1572 3288 Μ’,
1614 3221 1787 3272 haberi
1820 3219 2002 3272 debent

94 3300 259 3349 cerea,
295 3301 342 3339 ee
375 3307 448 3339 ex
482 3293 548 3340 iis
579 3290 916 3341 constituenda
949 3305 1019 3343 eet
1050 3291 1287 3358 Ιιίετοοῆας
1337 3295 1473 3364 quod
1502 3299 1588 3364 qui
1619 3294 1860 3355 nolum-ie,
1883 3295 2000 3360 fig-

93 3372 256 3409 menta
300 3364 468 3423 potine
513 3365 701 3424 ingenii
746 3366 826 3411 eui
839 3398 856 3427 ,
899 3377 1028 3414 certe
1070 3370 1376 3434 antiquitatis
1426 3385 1590 3416 veram
1638 3364 1852 3415 indolem
1899 3383 2000 3415 non

95 3431 390 3495 explicabit.
479 3433 650 3500 Neque
695 3453 809 3484 vero
854 3437 908 3484 in
952 3437 1059 3486 ulla
1103 3457 1189 3502 re,
1240 3458 1367 3506 quae
1403 3438 1476 3489 ad
1509 3440 1847 3504 antiquitatem
1880 3437 1999 3486 illu-

93 3504 351 3554 strandam
382 3505 553 3571 facie,
602 3505 714 3555 licet
749 3524 810 3555 ea
837 3518 1024 3558 tantum
1057 3507 1341 3573 depromere
1355 3546 1372 3572 ‚
1424 3528 1550 3577 quae
1583 3521 1917 3574 exspectemus
1952 3519 1999 3559 et

93 3589 408 3640 exoptemus,
468 3595 649 3642 quaeve
690 3590 845 3638 grata
889 3583 987 3630 sint
1017 3593 1063 3631 ee
1098 3600 1207 3633 cum
1241 3586 1304 3632 iis
1338 3585 1658 3642 conveniam,
1696 3599 1822 3648 quae
1844 3598 2000 3645 prac-

95 3661 327 3714 concepta
352 3651 584 3714 opinione
623 3648 763 3701 nobis
793 3651 1085 3722 finoeiqu
1131 3653 1223 3706 aed
1253 3672 1402 3723 quum
1451 3652 1511 3704 id
1541 3669 1695 3704 unum
1727 3670 1879 3719 agere
1913 3650 1998 3703 de-
