2236 3932
1004 607 1115 660 DE

171 752 643 828 CASSIO
718 751 1396 827 PARMENSI
1468 751 1943 873 ROETA.

1169 957 1246 964 ...-

984 1086 1036 1153 §.
1085 1080 1144 1139 l.

116 1170 556 1314 Quamquam
610 1220 772 1280 mihi
824 1221 905 1283 de
964 1221 1181 1284 Cassio
1235 1219 1571 1281 Parmensi
1618 1221 1816 1281 Poeta
1858 1219 2018 1282 scri-

110 1322 265 1383 bere
305 1321 655 1382 instituenti
696 1320 914 1400 utique
971 1321 1391 1381 metuendum
1432 1324 1561 1395 est,
1602 1340 1687 1380 ne
1729 1320 1857 1380 sint
1902 1320 2019 1401 qui

112 1441 217 1481 me
278 1441 533 1502 quoque
588 1439 820 1502 operae
877 1419 1158 1500 pretium
1199 1418 1425 1479 fecisse
1465 1425 1732 1501 negent3
1800 1425 2021 1480 tamen

112 1521 438 1604 aggrediar
466 1542 627 1602 opus
658 1519 947 1600 quamvis
987 1538 1288 1600 magnum
1331 1538 1405 1578 ac
1449 1516 1725 1594 difficile,
1756 1538 2019 1599 sperans

112 1619 402 1679 futtmnm
445 1639 612 1696 esse,
655 1624 765 1694 ut,
823 1618 877 1677 si
919 1637 1081 1698 quos
1122 1617 1193 1676 in
1235 1637 1315 1678 eo
1373 1617 1801 1679 commiserim
1841 1637 2032 1680 erro-.

113 1740 216 1780 res
233 1764 255 1798 ,
330 1739 557 1780 eorum
612 1717 771 1777 mihi
830 1717 1096 1800 gratiam
1151 1716 1343 1798 aequi
1398 1715 1697 1778 Lectores
1763 1715 2018 1782 faciant.

116 1820 280 1882 Cum
336 1819 509 1880 enim
564 1822 833 1899 praeter.
860 1816 1155 1893 Poetam,
1217 1838 1347 1897 quo
1393 1817 1471 1877 de
1513 1837 1801 1900 agemus,
1857 1837 2025 1878 non-

114 1920 275 1981 nulli
329 1919 437 1979 alii
491 1919 661 2000 apud
702 1917 1020 1978 Romanos
1065 1916 1261 1978 Cassii
1317 1915 1604 1976 doctrina
1647 1916 2026 1998 scriptisque

116 2019 354 2102 ingenii
394 2017 826 2079 monumentis
875 2017 1291 2078 inclaruerint
1333 2035 1685 2096 eorumque
1725 2014 2027 2097 frequens

117 2120 379 2201 quidem
421 2118 592 2200 apud
635 2116 969 2198 scriptores
1011 2122 1289 2193 vetereS,
1361 2122 1426 2176 at
1467 2115 1845 2196 plerumque
1887 2115 2025 2177 sine

118 2218 492 2303 cognomine
550 2216 747 2278 aliave
791 2216 1170 2278 discriminis
1210 2220 1366 2276 nota
1418 2214 1660 2275 mentio
1701 2214 1869 2277 facta
1911 2216 1991 2278 sit
2006 2239 2025 2276 z

118 2340 307 2380 nemo
353 2324 450 2379 est
492 2317 646 2398 quin
687 2316 1025 2401 intelligat,
1069 2335 1264 2398 quam
1304 2315 1583 2398 proclive
1627 2314 1709 2375 sit
1748 2315 1819 2375 in
1851 2321 2028 2378 tanta

118 2419 378 2480 testium
434 2416 842 2500 ambiguitate
902 2415 1157 2477 errandi
1211 2414 1585 2496 periculum.
1683 2412 1767 2475 Et
1836 2421 2028 2497 quot-

121 2526 279 2599 quot
332 2524 473 2579 ante
528 2536 635 2577 me
692 2516 760 2575 in
800 2515 1173 2577 illustrando
1215 2515 1341 2575 hoc
1385 2518 1752 2597 argumento
1797 2515 2028 2577 versati

121 2625 296 2693 sunt,
353 2636 579 2678 cortun
633 2615 845 2675 nullus
895 2620 1026 2675 tam
1069 2620 1286 2676 cautus
1330 2611 1487 2688 fuit,
1543 2603 1726 2693 ‘quin’
1757 2615 2028 2677 subinde

123 2716 429 2779 erraverit
487 2722 553 2776 et
605 2715 674 2774 in
730 2734 880 2775 cura
942 2713 1228 2794 quamvis
1284 2711 1523 2773 sollerti
1575 2733 1695 2794 pro
1764 2714 2030 2776 veritate

123 2816 419 2876 umbram
490 2814 846 2895 arripuerit.
950 2812 1026 2872 Id
1085 2832 1277 2893 quam
1331 2831 1484 2874 vere
1538 2831 1576 2873 a
1630 2832 1737 2873 me
1789 2814 2030 2875 (lictum

125 2916 239 2992 sit,
297 2915 591 2996 quilibet,
650 2913 907 2994 opinor,
962 2912 1296 2994 intelliget,
1366 2911 1476 2993 qui
1532 2917 1762 2974 attente
1808 2914 2031 2996 legerit

126 3022 189 3076 et
231 3013 726 3097 comparaverit,
792 3031 954 3092 quae
1013 3012 1092 3071 ‹le
1139 3010 1367 3073 Cassiis
1408 3010 1841 3073 Romanorum
1885 3031 2033 3073 eru-

129 3114 309 3190 ditis,
351 3120 601 3196 praeter
643 3112 714 3172 P.
761 3111 1068 3190 Crinitum
1113 3112 1192 3172 de
1234 3111 1407 3173 Poet.
1454 3109 1661 3172 Latin.
1707 3110 1884 3174 Libr.
1916 3111 2032 3172 ΠΙ.

130 3235 183 3273 c.
211 3214 315 3273 47.
360 3235 423 3294 p.
451 3213 599 3273 469.
645 3219 710 3273 et
758 3210 830 3270 L.
880 3209 1235 3289 Gyraldmn
1275 3210 1343 3271 in
1385 3210 1617 3271 Histor.
1661 3211 1838 3271 Poet.
1883 3210 2037 3271 Dia-

130 3313 251 3394 log.
281 3310 387 3372 IV.
434 3333 498 3394 p.
541 3313 687 3373 218.
734 3308 937 3390 Opp.,
1007 3311 1387 3392 scripserunt
1431 3310 1505 3372 G.
1555 3309 1614 3371 J.
1654 3309 1913 3371 Vossius
1958 3310 2037 3372 dc

128 3411 364 3471 Histor.
426 3409 567 3471 Lat.
627 3408 802 3469 Libr.
846 3408 893 3468 Ι.
954 3430 1007 3470 c.
1049 3411 1152 3470 21.
1213 3409 1400 3471 Tom.
1439 3407 1551 3470 IV.
1609 3430 1673 3490 p.
1703 3408 1809 3471 35.
1853 3415 1916 3471 et
1959 3411 2039 3470 de

129 3511 310 3572 Poet.
355 3510 495 3571 Lat.
541 3530 596 3570 c.
627 3513 691 3571 2.
737 3508 924 3569 Tom.
959 3507 1074 3569 111.
1120 3530 1184 3591 p.
1219 3510 1367 3570 237.
1413 3506 1618 3590 Opp.,
1674 3507 1775 3571 J0.
1813 3508 2040 3570 Molle-

131 3632 242 3672 rus
315 3612 379 3671 in
450 3611 1030 3691 Homonymoscop·
1086 3629 1153 3691 Ι).
1199 3609 1386 3687 408.,
1456 3606 1536 3669 A.
1592 3607 1895 3670 Dacerius
1964 3610 2044 3671 ad

205 3710 529 3761 VVzicutnr.
567 3709 857 3761 Comuntur.
1595 3707 1677 3768 12
