2236 3932
678 185 761 224 nn
807 182 1031 225 cA-ssm
1076 183 1440 225 rAnmnNsn
1911 168 2033 230 281

137 343 203 402 p.
247 322 395 382 277.
439 318 685 381 confert
722 320 1200 402 inscriptionem
1243 321 1409 402 apud
1436 320 2036 386 &vinckelmannum

139 419 307 502 opp.
352 420 536 482 Tom.
561 419 647 479 II.
702 441 765 500 p.
802 422 906 481 66.
937 442 1034 500 sq.
1129 422 1312 482 Adde
1355 441 1463 499 ea,
1522 441 1683 502 quae
1726 418 2038 504 disputavi

136 520 203 579 in
249 519 665 580 Commentat.
721 521 802 578 de
845 518 925 578 L.
976 520 1183 584 Vario
1229 523 1433 581 Poeta
1475 529 1562 595 §-
1581 522 1677 581 14.
1722 521 1795 580 N.
1812 523 1931 582 72.
1962 530 2038 584 et

139 620 218 678 de
262 618 540 678 Horatii
581 617 1130 681 obtrectatoribus
1171 629 1223 694 §.
1255 622 1316 680 3.
1356 619 1434 681 Ν.
1470 620 1602 680 12.
1615 616 1876 682 Versu
1919 644 2037 703 po-

139 725 372 778 stremo
413 717 645 778 retinui
689 727 866 777 toros
911 739 1055 779 cmn
1098 721 1248 781 alias
1290 721 1373 781 ob
1419 739 1696 797 caussam,
1741 716 1876 780 tum
1903 742 2038 782 ma-

138 818 352 893 xime,
411 817 616 897 quod,
675 817 729 876 si
785 818 864 879 de
908 838 1101 879 aurea
1142 818 1315 880 Jovis
1361 818 1695 901 Capitolini
1738 823 1887 882 sede
1930 841 2039 882 co-

137 915 398 997 gitasset
437 922 661 997 poeta,
717 916 886 978 haud
930 918 1117 979 dubie
1162 919 1539 999 scripsisset:
1599 930 1913 981 auratum
1953 949 2040 966 -—-

138 1014 481 1090 thronum,
523 1037 657 1076 non
699 1016 988 1077 thro-noa.
1085 1020 1294 1078 Toros
1334 1018 1400 1078 h.
1429 1019 1473 1078 l.
1519 1019 1732 1100 accipe
1774 1021 1854 1081 de
1898 1020 2042 1101 pul-

139 1114 463 1175 vinaribus
523 1116 785 1176 deorum
842 1116 910 1176 in
959 1117 1369 1177 lectisternia
1475 1117 1808 1180 Caeterum
1853 1117 2042 1181 Octa-

138 1212 329 1274 viano
370 1214 688 1297 ingentem
717 1216 927 1276 intulit
954 1215 1278 1276 infamiam
1306 1217 1425 1276 ista
1453 1236 1671 1277 coena.
1758 1219 2043 1280 Primum

120 1313 311 1372 enim
352 1314 695 1377 violaverat
719 1312 971 1399 justum
1012 1335 1256 1396 usuque
1296 1321 1622 1396 receptum
1665 1336 1703 1376 a
1744 1317 2043 1380 Romanis

142 1412 557 1474 convivarum
607 1435 943 1476 numerum
959 1459 979 1492 ‚
1052 1428 1244 1496 quem
1299 1413 1504 1474 Varro
1519 1458 1538 1490 ‚
1612 1421 1776 1477 teste
1837 1417 2043 1480 Gellio

138 1511 213 1571 N.
252 1511 332 1572 A.
375 1511 555 1573 Libr.
595 1514 775 1575 XIII.
833 1534 889 1576 c.
939 1515 1035 1574 ll.
1052 1557 1072 1590 ‚
1131 1514 1382 1574 dixerat
1423 1514 1703 1595 incipere
1747 1523 2044 1596 oportere

137 1629 179 1670 a
232 1610 602 1673 Gratiarum
650 1635 921 1675 munero
976 1620 1040 1674 et
1093 1614 1394 1695 progredi
1437 1615 1519 1674 ad
1560 1614 1884 1675 Musartun
1898 1639 1941 1693 ,·
1976 1617 2044 1676 id

138 1716 232 1771 est
245 1753 267 1787 ,
344 1711 655 1793 proficisci
715 1733 752 1774 a
808 1715 1009 1774 tribus
1023 1757 1042 1788 ‚
1117 1713 1461 1774 consistere
1514 1714 1584 1773 in
1604 1711 1856 1775 .nove1'n
1870 1759 1890 1792 ,
1949 1721 2044 1792 ut,

138 1830 344 1890 quum
411 1813 771 1891 paucissimi
842 1813 1144 1874 convivae
1225 1817 1439 1890 erant,
1513 1814 1644 1874 non
1718 1812 2046 1895 pauciores

139 1915 355 1970 essent
397 1930 586 1992 quam
630 1918 758 1973 tres
774 1956 793 1988 ‚
853 1933 1051 1993 quum
1093 1907 1391 1994 plurimi,⁸
1424 1933 1557 1974 non
1597 1914 1811 1994 plures
1854 1935 2048 1994 quam

138 2029 395 2072 novem.
492 2010 697 2091 Atque
758 2011 930 2073 hunc
986 2032 1237 2074 morem
1290 2018 1364 2072 ut
1416 2033 1533 2094 per
1601 2020 1888 2094 tempora
1944 2033 2049 2074 se-

139 2110 404 2189 quentia
446 2110 859 2173 observatum
901 2131 1042 2172 esse
1073 2112 1360 2190 credam,
1406 2112 1498 2173 eis
1530 2114 1839 2191 adducor,
1885 2132 2048 2194 quae

122 2206 340 2270 Julius
384 2209 773 2290 Capitolinus
819 2212 899 2272 de
940 2211 1335 2292 Imperatore
1379 2210 1458 2271 L.
1509 2211 1675 2273 Vero
1720 2232 1775 2273 c.
1805 2209 1865 2271 5.
1908 2232 2047 2274 me-

138 2308 382 2369 moriae
423 2310 672 2390 prodit:
735 2309 864 2389 „Et
917 2311 1320 2372 notissimum
1364 2307 1502 2394 ejus
1547 2312 1809 2393 quidem
1848 2309 2050 2372 fertur

141 2408 268 2469 tale
310 2408 708 2487 convivium,
750 2410 819 2470 in
848 2431 978 2491 quo
1008 2410 1288 2491 primum
1318 2411 1658 2471 duodecim
1687 2411 2049 2473 accubuisse

140 2507 409 2582 dicitur,
487 2528 684 2588 quum
741 2509 823 2570 sit
884 2509 1280 2570 notissimum
1345 2511 1580 2571 dictum
1647 2511 1726 2571 de
1781 2531 2048 2572 numero

124 2606 556 2668 convivarum
571 2628 590 2667 z
657 2609 911 2689 Septem
968 2608 1339 2670 convivium
1351 2632 1373 2684 ,-
1430 2630 1659 2670 novem
1699 2629 1850 2670 vcro
1893 2631 2048 2670 con·-

140 2704 544 2783 vicium⁵³).“
629 2705 912 2768 Imitatus
955 2714 1052 2770 est
1078 2707 1284 2770 Verus
1328 2708 1814 2770 famosissimam
1857 2707 2050 2771 Octa-

143 2804 312 2868 viani
378 2805 727 2867 Triumviri
797 2828 1062 2870 coenam
1123 2808 1341 2868 δώδεκα
1377 2815 1555 2876 θεῶν,
1626 2805 1807 2891 cujus
1873 2809 1928 2869 si
1982 2809 2051 2871 in
2122 2836 2126 2844 ⁴

139 2911 427 2966 mentem
482 2906 762 2966 venisset
818 2905 1169 2989 Capitolino
1228 2908 1387 2971 haec
1443 2907 1776 2985 scribenti,
1851 2908 2050 2969 absti-

140 3004 378 3071 nuisset
428 3023 588 3066 voce
634 3004 965 3087 primmn,
1043 3013 1118 3068 ut
1157 3004 1287 3091 jam
1331 3008 1736 3070 casaubonus
1779 3008 2048 3069 monuit.

141 3103 325 3180 Quod
384 3112 598 3167 autem
653 3105 902 3167 duobus
944 3106 1146 3169 ferme
1187 3106 1449 3170 saeculis
1491 3112 1634 3189 post
1674 3107 2048 3187 Imperatori

142 3199 223 3262 L.
278 3201 451 3267 Vero
506 3205 921 3268 criminosum
982 3213 1154 3284 erat,
1192 3207 1290 3268 id
1345 3228 1479 3269 non
1535 3206 1772 3267 mirum
1814 3205 1870 3265 si
1910 3227 2049 3268 ma-

141 3297 351 3383 jorem
394 3305 588 3367 etiam
629 3303 869 3367 faceret
912 3305 1212 3369 invidiam
1257 3305 1602 3371 Octaviano
1644 3305 1831 3386 eique
1874 3305 2049 3368 inso-
2135 3306 2144 3317 ’

286 3533 380 3592 53)
426 3530 538 3582 Hoc
572 3533 874 3596 proverbium
914 3530 1027 3585 Gar.
1068 3532 1256 3585 zeni-1⁸
1291 3537 1342 3585 in
1377 3536 1485 3585 li.br
1524 3530 1950 3601 Ferfmschrffien
1973 3533 2044 3586 11.

140 3604 313 3666 p.15.
350 3604 863 3670 convertitt„82'eben
899 3605 1050 3659 Giisu
1072 3610 1154 3659 ein
1182 3605 1372 3674 Mahl,
1407 3625 1537 3659 neum
1567 3609 1676 3658 eina
1701 3605 1927 3676 Quaalst‘
