2236 3932
245 136 371 197 246
518 181 520 184 .
829 158 909 198 DE
957 159 1181 199 CASSIO
1229 160 1592 199 PARMENSI.
1647 150 1658 157 ’

245 312 375 373 que
431 292 599 360 bello
658 294 939 374 parando
1011 298 1348 372 occupatus
1407 293 1612 354 fuerat
1623 294 1717 373 ³²).
1820 295 2142 359 Tribunus

243 385 515 450 militum
572 391 770 452 factus
841 397 906 450 et
967 390 1147 454 classi
1213 391 1563 470 praefectus
1620 399 1787 454 terra
1854 397 2143 476 marique

247 496 574 551 strenuum
615 490 968 568 fortemque
1012 509 1079 548 se
1109 490 1325 569 gessit,
1375 500 1440 551 et
1482 501 1716 573 quanta
1759 495 1926 574 apud
1972 515 2146 555 com-

243 590 562 650 militones
604 588 792 648 fuerit
835 586 1235 663 auctoritate,
1297 589 1447 650 inde
1492 592 1698 672 colligi
1745 593 1924 668 licet,
1971 596 2144 673 quod

246 687 313 747 C.
347 687 635 761 Clodius,
682 706 830 763 cum
875 685 1119 745 Cassius
1163 692 1224 745 et
1267 686 1534 766 Brutus,
1577 691 1782 750 ultimi
1823 691 2145 753 Romano-

151 827 158 836 ψ
242 807 417 859 rum,
475 785 642 864 apud
683 783 1008 864 Philippos
1055 784 1456 862 cecidissent,
1515 808 1583 848 se
1627 809 1775 848 cum
1818 791 2016 850 classe
2062 793 2143 850 ad

242 905 388 943 eum
447 882 731 943 contulit.
843 881 989 940 Fuit
1043 883 1510 961 quodammodo
1568 887 1854 968 princeps
1899 902 2141 965 eorum,

245 983 355 1062 qui
410 979 778 1042 Duumviris
835 979 958 1039 illis
1016 980 1095 1039 de
1137 981 1351 1041 medio
1395 984 1687 1061 sublatis,
1755 987 1835 1045 de
1876 1006 2144 1066 recupe-

242 1080 443 1141 randa
497 1080 790 1140 libertate
848 1100 981 1141 non
1040 1078 1444 1157 desperantes
1490 1083 1820 1152 coiverunt
1860 1085 2143 1165 nihilque

243 1181 362 1239 sibi
406 1179 489 1239 ad
531 1179 1012 1260 opprimendam
1057 1177 1564 1240 Triumvirorum
1619 1187 1992 1261 potestatem
2042 1204 2146 1243 re-

241 1279 398 1360 liqui
438 1277 770 1340 fecerunt.
831 1277 1018 1338 Facta
1060 1276 1224 1336 illius
1269 1277 1481 1337 classis
1510 1279 1852 1358 divisione,
1900 1281 2145 1342 Cassius

241 1378 600 1438 Parmensis
659 1398 804 1438 cum
848 1374 926 1436 L.
971 1374 1172 1435 Statio
1216 1372 1436 1436 Murco
1494 1375 1774 1439 Siciliam
1823 1381 2007 1461 petiit
2049 1381 2147 1441 vi-

243 1496 475 1558 resque
518 1477 759 1536 addidit
801 1474 1006 1536 Sexto
1049 1471 1389 1556 Pompej0‚
1436 1476 1538 1535 cui
1580 1477 1750 1538 haud·
1794 1478 1984 1538 dubie
2007 1499 2145 1538 ma-

242 1576 335 1658 gis
379 1574 749 1652 confideret,
794 1595 986 1656 quam
1032 1574 1145 1634 Cn.
1176 1574 1454 1635 Domitio
1488 1575 1948 1654 AhenobarbO,
1992 1599 2145 1659 pro-

145 1690 150 1698 *
241 1676 448 1756 priam
513 1674 849 1735 factionem
918 1673 1318 1735 constituenti
1330 1673 1423 1751 33).
1540 1674 1703 1736 Hoc'
1731 1682 1940 1737 actum
2007 1697 2146 1738 esse

385 1935 474 1990 32)
520 1928 730 1979 Brutum
778 1938 826 1979 et
875 1927 1098 1981 Cassium
1148 1928 1280 1979 Urbe
1331 1931 1596 1980 excessisse
1645 1933 1742 1992 jam
1779 1947 1944 1980 mense
1979 1928 2146 1994 Aprili

243 2001 400 2052 medio
438 2011 486 2051 et
520 2000 708 2051 Italiam
742 2003 999 2063 reliquisse
1035 2003 1168 2050 initio
1193 1999 1488 2064 Septembris
1525 2020 1570 2052 a.
1595 2000 1659 2051 U.
1692 2000 1749 2050 C.
1777 2008 1902 2053 710.
1942 1999 2147 2052 ostendit

242 2072 305 2123 G.
344 2073 650 2124 Drumannus
700 2075 750 2122 in
798 2074 908 2122 libr.
963 2071 1241 2139 Gesclriclzte
1286 2073 1439 2122 Roms
1485 2076 1540 2122 in
1590 2076 1768 2122 seinem
1825 2073 2145 2138 Uebergange

239 2163 332 2194 von
379 2144 470 2195 der
517 2142 970 2209 republikanischen
1017 2162 1112 2194 zm·
1158 2143 1552 2214 monccrchischen
1603 2144 1665 2192 V
1655 2147 1927 2214 effassung
1955 2166 2005 2196 u.
2023 2166 2064 2197 s.
2083 2166 2142 2196 w.

240 2215 379 2267 Tom.
405 2217 448 2266 I.
486 2237 534 2280 p.
570 2221 690 2269 134.
731 2226 778 2266 et
813 2235 862 2278 p.
893 2220 1012 2266 143.
1042 2234 1116 2278 sq.

385 2294 474 2348 33)
516 2290 606 2338 Cn.
643 2288 893 2338 Domitius
926 2285 1313 2348 Ahenobarbus,
1353 2295 1542 2336 auctore
1582 2286 1812 2338 Suetonio
1846 2286 1974 2338 Ner.»
2001 2307 2043 2339 0.
2072 2296 2143 2352 2.,

240 2361 364 2410 inter
398 2363 611 2410 conscios
650 2359 959 2409 Caesarianae
994 2363 1156 2423 necis,
1190 2376 1471 2421 quamquam
1508 2361 1700 2421 insons,
1747 2360 1996 2409 damnatus
2035 2363 2144 2424 leg-e

239 2429 389 2481 Pedia
439 2450 491 2480 se
548 2433 748 2481 contulit
796 2431 856 2480 ad
905 2429 1125 2480 Cassium
1171 2440 1219 2479 et
1266 2428 1502 2493 Brutum,
1553 2449 1578 2478 a
1617 2433 1788 2493 quibus
1825 2433 1967 2481 classi
2004 2446 2149 2494 prae-'

239 2503 392 2552 fectus
439 2522 570 2554 mare
615 2504 804 2553 Ionium
851 2505 1001 2551 tenuit
1048 2504 1279 2564 variaque
1326 2501 1459 2550 clade
1509 2500 1805 2551 Triumviros
1841 2504 2046 2552 afflixit:
2092 2522 2139 2553 v.

239 2572 339 2623 Dio
393 2573 530 2624 Cass.
579 2575 718 2624 Libr.
760 2573 1012 2624 XLVIII.
1060 2592 1100 2623 0.
1143 2581 1192 2625 7.
1244 2574 1361 2635 ibiq.
1409 2573 1671 2623 Fabricius.
1716 2604 1781 2612 ——
1846 2573 1916 2624 L.
1953 2575 2161 2625 Statius

237 2645 458 2696 Murcus
494 2651 564 2707 (v.
597 2645 839 2696 Ciceronis
874 2643 1086 2708 Philipp.
1105 2645 1202 2695 XI.
1233 2662 1273 2694 0.
1300 2648 1410 2705 12.)
1442 2663 1504 2693 ex
1528 2654 1746 2707 praetura
1772 2663 1814 2694 a.
1843 2645 1907 2695 U.
1938 2645 1994 2695 C.
2017 2653 2139 2697 709.

242 2719 301 2768 ab
339 2718 472 2769 Julio
507 2716 712 2768 Caesare
747 2720 1011 2767 obtinuerat
1065 2715 1259 2781 Syriam
1306 2735 1392 2778 pro
1431 2715 1646 2766 Consule
1684 2721 1954 2780 missusque
1987 2720 2143 2767 fuerat

240 2798 400 2838 contra
437 2787 700 2838 Caecilium
735 2788 975 2851 Bassum,
1029 2791 1113 2851 qui
1150 2791 1273 2838 circa
1309 2790 1429 2837 belli
1465 2789 1682 2838 Africani
1718 2797 1906 2851 tempus
1946 2788 2142 2853 Syriam

241 2862 442 2910 consilio
494 2863 676 2923 privato
724 2879 952 2923 occupare
1000 2877 1146 2910 ausus
1191 2869 1322 2922 erat,
1380 2869 1570 2909 auctore
1620 2862 1781 2910 Dione
1821 2859 1958 2910 CaSS.
1996 2861 2138 2910 Libr.

238 2930 466 2982 XLVII.
507 2950 551 2989 c.
582 2938 670 2982 76.
700 2950 772 2994 sq.
847 2932 1104 2982 Interfecto
1140 2930 1272 2981 Julio
1311 2929 1514 2980 Caesare
1562 2949 1666 2980 cum
1705 2933 1812 2981 aliis
1852 2931 2142 2994 Capitolium

239 3005 378 3067 petiit
414 3020 561 3065 seque
598 3005 851 3065 conjuratis
900 3005 1150 3070 1111ἰ11111ῑίῐ,ι
1196 3011 1248 3051 ut
1296 3004 1409 3051 facti
1445 3005 1680 3065 particeps
1716 3005 1853 3052 illius
1890 3006 2141 3065 sociusque

240 3076 512 3125 videretur:
560 3072 809 3144 1011111111.
856 3075 914 3123 ad
964 3075 1116 3124 Dion.
1170 3073 1308 3124 Cass·
1358 3074 1496 3123 Libr.
1539 3073 1736 3135 XLIV.
1778 3093 1818 3124 c.
1854 3082 1939 3125 21.
1977 3075 2037 3124 Τ.
2067 3074 2140 3124 V.

239 3163 290 3209 p.
325 3153 449 3204 422.
478 3144 606 3195 Strz.
697 3144 819 3195 Cum
854 3145 1067 3203 Domitio
1103 3145 1424 3196 Ahenobarbo
1462 3148 1763 3208 conjunctus,
1813 3147 1986 3196 devicit
2021 3149 2141 3195 mari

239 3217 510 3266 Domitium
564 3217 816 3277 Calvinum
863 3220 1007 3279 primi
1053 3219 1226 3280 proelii
1280 3215 1598 3279 Philippensis
1649 3218 1753 3266 diez
1802 3236 1848 3266 v.
1887 3218 2141 3281 Appianus

240 3289 303 3339 de
338 3289 403 3338 Β.
434 3288 541 3347 civ.
581 3288 719 3337 Libr.
746 3286 842 3340 IV.
880 3307 922 3337 c.
956 3294 1074 3340 113.
1101 3307 1206 3352 sqq.
1281 3287 1482 3350 Utrique
1517 3297 1766 3351 postquam
1791 3288 1985 3339 Cassius
2023 3289 2140 3337 Par-

239 3363 420 3414 mensis
456 3378 592 3418 suam
627 3362 831 3410 classem
867 3360 1173 3422 adjunxerat,
1213 3361 1454 3410 Domitius
1489 3364 1786 3423 propriarum
1817 3365 2018 3423 partium
2042 3361 2139 3409 dux

239 3432 399 3482 factus
447 3441 553 3496 est,
615 3432 764 3481 donec
798 3432 855 3479 ab
900 3432 1073 3485 Asinio
1109 3431 1328 3480 Pollione
1366 3450 1471 3484 cum
1507 3430 1583 3482 M.
1614 3431 1828 3481 Antonio
1865 3433 2138 3481 reconcilia-

241 3511 406 3566 retur,
460 3512 582 3553 teste
632 3501 830 3566 Velleio
877 3501 1060 3552 Patere.
1112 3502 1254 3553 Libr.
1283 3502 1349 3552 Π.
1399 3521 1442 3552 0.
1470 3509 1556 3554 76.
1594 3508 1641 3565 §.
1666 3510 1752 3567 2.;
1795 3502 1992 3553 Murcus
2029 3519 2137 3550 cum

242 3572 412 3626 Cassio
456 3572 704 3632 Parmensi
750 3574 809 3624 ad
855 3571 993 3633 Sext.
1040 3572 1323 3638 Pompejtun
1368 3578 1584 3641 transiit,
1641 3593 1671 3634 a
1717 3593 1812 3640 quo
1856 3573 2136 3638 proditionis
