2236 3932
203 170 324 229 164
793 195 874 234 DE
923 195 978 233 L.
1007 193 1212 235 vAmo
1261 192 1499 234 rom-A.

197 326 374 402 „Per
411 347 531 409 pro
562 349 880 411 perquam
896 373 915 406 ,
976 334 1047 387 ut
1084 326 1442 409 perduellio
1480 348 1787 410 perquam
1831 331 2087 409 duellio,

197 425 531 507 plusquam
596 427 793 487 hostis
808 471 828 503 ‚
901 432 972 486 ut
1030 425 1349 487 Rabirius:
1418 425 1533 509 qui
1591 429 2091 509 perduellionem

178 523 426 605 fecisse
466 525 874 586 dicebatur.“·
953 524 1194 584 Verum
1241 525 1400 587 haec
1444 527 1526 586 ad
1566 526 1893 587 Rabirium
1934 549 2091 610 poe-

196 629 329 683 tam
369 625 550 684 nullo⁴
583 629 768 705 pacto
811 621 1038 683 referri
1082 625 1342 701 debent,
1387 626 1496 686 sed
1540 627 1621 685 ad
1665 625 1735 685 G.
1765 627 2091 689 Rabirium

195 724 639 805 perduellionis
693 743 908 800 reum,
965 743 1162 803 quem
1206 723 1424 784 Cicero
1467 745 1523 785 a.
1564 725 1640 785 U.
1674 725 1744 788 C.
1774 728 1919 788 690.
1980 729 2092 788 de-

195 820 415 883 fendit.
499 821 538 882 J
540 823 854 882 ocularem
894 823 1066 883 hunc
1108 843 1390 884 errorem
1414 824 1793 903 Burmanni,
1837 825 2092 887 titulum

199 920 497 983 orationis
559 919 877 982 Ciceronis
891 967 913 999 ,
982 921 1340 997 Rabirius,
1412 922 1528 1005 qui
1581 924 2092 1006 perduellionem

176 1020 421 1103 fecisse
462 1019 826 1096 dicebatur,
882 1042 999 1102 pro
1042 1020 1285 1081 Rabirii
1326 1029 1552 1103 poetae
1592 1023 1943 1106 fragmento
1985 1045 2092 1086 ac-

197 1120 514 1203 cipientis»,
557 1117 686 1203 jam
729 1141 770 1182 a
807 1119 1190 1182 Ruhnkenio
1232 1122 1312 1182 ad
1354 1120 1579 1204 Vellei.
1621 1123 1755 1183 Pat.
1798 1121 1976 1184 Libr.
2004 1123 2091 1183 11.

196 1240 250 1283 c.
270 1307 274 1310 γ
295 1221 398 1282 36.
456 1227 811 1283 correctum
863 1238 1034 1299 esse,
1105 1242 1288 1283 meus
1337 1241 1444 1284 me
1487 1221 1810 1305 admonuit
1849 1223 2092 1302 Kreys-

193 1341 403 1404 siglus.

300 1503 302 1505 ’
361 1477 458 1539 De
511 1477 802 1556 Petinae,
875 1498 1068 1560 quem
1125 1485 1188 1541 et
1241 1480 1449 1561 ipsum
1493 1478 1912 1556 Quintilianus
1959 1501 2092 1542 non

191 1576 519 1659 indignum
562 1564 940 1662 cognitione,
988 1580 1042 1639 si
1065 1585 1278 1655 vacet,
1323 1579 1611 1661 appellat,
1654 1586 1793 1661 post
1827 1580 2094 1641 Werns-

194 1676 464 1738 dorfium
505 1677 573 1737 in
603 1679 672 1738 P.
717 1677 795 1738 L.
841 1678 927 1739 M.
966 1679 1153 1740 Tom.
1182 1678 1290 1739 IV.
1321 1677 1392 1738 P.
1432 1680 1487 1739 l.
1531 1701 1597 1760 p.
1629 1674 1732 1739 34.
1751 1700 1844 1761 sq.
1889 1701 2091 1762 pauca

148 1822 149 1825 ,
191 1768 397 1839 habeo
450 1796 612 1857 quae
669 1777 893 1839 (licam.
996 1778 1124 1839 Cur
1182 1779 1262 1839 ab
1323 1775 1554 1840 Ovidio
1612 1778 1811 1839 dictus
1867 1780 1946 1840 sit
2002 1779 2092 1840 si-

193 1878 421 1937 dereus
435 1921 454 1953 ‚
526 1877 795 1961 exposui
867 1878 935 1937 in
995 1877 1347 1939 Comment.
1408 1879 1489 1937 de
1553 1876 1730 1937 Titio
1788 1878 2093 1961 Septimio

190 1979 396 2039 Poeta
451 1985 502 2051 ᾗ.
549 1978 613 2038 4.
712 1977 1161 2061 Intelligendus
1232 1984 1328 2039 est
1383 1977 1560 2038 Pedo
1611 1975 2092 2055 Albinovanus,
2159 2018 2163 2022 -

193 2076 295 2139 cui
339 2075 605 2139 Ovidius
645 2076 960 2160 inscripsit
1003 2098 1090 2153 ex
1131 2078 1312 2140 Pont.
1369 2077 1547 2138 Libr.
1581 2076 1688 2138 IV.
1730 2075 1930 2158 Epist.
1969 2078 2092 2156 10„

191 2197 279 2239 ex
322 2173 499 2268 cujus
540 2177 827 2240 versibus
870 2179 974 2238 71.
1009 2197 1149 2258 sqq.

276 2289 373 2351 At
400 2299 473 2351 tu
487 2334 508 2367 ,
550 2311 688 2351 non
717 2289 938 2351 dubito
948 2315 994 2367 ,¹
1017 2311 1214 2373 quum
1239 2287 1527 2350 carmine
1559 2289 1810 2350 Thesea
1837 2289 2089 2365 laudes,

361 2389 686 2451 Materiae
725 2388 950 2451 titulos
991 2389 1148 2472 quin
1189 2399 1418 2450 tueare
1459 2399 1649 2463 tuae3

284 2489 607 2573 Quemque
645 2490 857 2573 refers
870 2532 894 2566 ,
952 2487 1210 2551 imitere
1250 2487 1469 2549 virum
1486 2512 1508 2550 ε
1564 2497 1742 2550 vetat
1782 2487 1896 2550 ille
1927 2508 2092 2571 pro-

1206 2589 1397 2669 fecto

310 2739 313 2741 ,
369 2687 743 2771 Tranquilli
780 2687 1072 2751 comitem
1114 2685 1422 2769 temporis
1464 2708 1598 2748 esse
1622 2688 1839 2770 fidem
1853 2710 1874 2749 ε

190 2815 437 2900 collegit
476 2816 526 2876 F
528 2817 661 2876 erd.
705 2816 1272 2878 Winckelmannus
1313 2814 1369 2875 l..
1402 2835 1462 2876 c.
1479 2859 1500 2892 ,
1556 2835 1614 2874 a·
1634 2815 1891 2876 Pedone
1935 2814 2090 2875 scri-

186 2923 364 2998 ptam
394 2935 530 2977 esse
567 2915 975 2993 The-widem,
1026 2916 1137 2976 sed
1180 2921 1382 2976 totam
1422 2915 1707 2996 periisse.
1793 2913 2089 2975 Fortasse

186 3015 358 3077 Pedo
402 3014 730 3078 consilium
771 3021 1020 3076 tantum
1049 3021 1302 3095 ceperat
1327 3013 1692 3074 scribendae
1717 3012 2087 3090 TheseidoS,

187 3116 267 3176 de
310 3135 434 3197 qua
475 3135 623 3176 cum
661 3114 1065 3177 inaudivisset
1109 3113 1413 3190 Ovidius,
1459 3112 1611 3173 scite
1654 3132 1798 3173 eam
1838 3133 1977 3173 rem
2018 3113 2089 3172 in

183 3236 374 3276 usum
416 3235 600 3275 suum
659 3215 964 3275 convertit
1018 3210 1282 3295 ejusque
1339 3213 1732 3274 mentionem
1785 3212 2086 3294 epistolae

185 3315 267 3374 ad
334 3316 609 3375 amicum
672 3313 1037 3374 lacrimosae
1102 3313 1401 3372 intexuit.
1512 3312 1872 3372 Venustum
1929 3312 2084 3370 illud

185 3434 471 3492 carmen,
552 3411 1066 3476 consolationem
1120 3414 1212 3471 ad
1266 3411 1532 3472 Liviam
1586 3410 1961 3487 Augustam
2004 3409 2083 3468 de

181 3523 389 3573 morte
434 3511 671 3594 Drusi,
713 3510 861 3574 huic
902 3510 1143 3573 Pedoni
1187 3512 1322 3575 sine
1365 3512 1497 3575 ulla
1539 3510 1922 3573 dubitatione
1966 3508 2080 3571 ad-
