2236 3932
290 157 414 219 256
887 183 968 222 nr:
1015 182 1239 222 cassm
1280 182 1643 222 PARMENSI.

291 317 490 385 verba
533 315 638 377 hic
680 316 1152 377 transcribenda
1196 334 1334 375 esse
1365 316 1541 376 duxi.
1626 318 2007 402 „Profligato
2022 365 2042 398 ‚
2083 322 2182 382 in-

287 417 424 497 quit
479 416 618 491 ille,
689 417 768 474 ad
823 415 1069 473 Actium
1119 414 1399 475 Antonio
1415 459 1435 492 ,
1495 414 1833 497 fractisque
1874 421 2179 500 partibuS,

286 516 534 576 Cassius
587 514 940 572 Parmensis
994 512 1273 572 Athenas
1333 514 1644 596 confugit,
1715 519 2179 598 exterritusque

284 622 595 676 nocturno
614 612 783 686 vistl,
827 611 1004 672 brevi
1025 617 1167 691 post
1195 611 1473 672 Caesaris
1503 613 1833 677 Octaviani
1873 613 2048 696 jussu
2079 619 2179 677 in-

283 713 582 774 terfectus
614 716 726 770 est.
774 709 1090 788 (Valerius
1119 709 1299 770 Libr.
1330 711 1382 770 I.
1412 715 1473 771 7.
1503 714 1595 792 7.)
1683 715 1947 775 Factum
1987 716 2052 775 id
2083 717 2182 778 vi-

281 815 496 887 detur,
559 830 686 889 quo
729 816 1018 890 tempore
1062 809 1325 886 Caesar,
1385 811 1574 872 rebus
1620 812 1920 874 Graeciae
1964 821 2027 874 et
2068 835 2177 876 ve·-

280 920 642 971 teranorum
683 909 959 967 militum
1017 909 1398 984 constitutiS,
1474 913 1792 988 mysteriis
1835 912 2174 974 Eleusiniis

278 1010 557 1069 initiatus
587 1015 714 1085 est,
759 1008 939 1068 sicuti
963 1014 1059 1068 est
1083 1010 1251 1089 apud
1277 1008 1545 1069 Dionem
1574 1009 1748 1069 Libr.
1779 1011 1890 1072 LI.
1933 1036 1997 1093 p.
2029 1013 2176 1096 509.

277 1109 495 1188 Neque
555 1108 724 1168 enim
778 1127 932 1168 vero
975 1107 1176 1167 simile
1217 1106 1320 1184 fit,
1381 1108 1652 1169 voluisse
1698 1109 2031 1172 Caesarem
2073 1097 2172 1174 vi-

278 1215 551 1283 ctorem,
627 1212 693 1266 et
749 1206 892 1266 satis
958 1208 1028 1266 in
1097 1207 1381 1267 civilibus
1437 1207 1536 1268 his
1607 1208 1789 1268 bellis
1848 1212 2169 1282 acerb1m1,

276 1307 468 1388 patris
512 1306 608 1365 sui
651 1326 1086 1387 percussorem
1129 1304 1469 1386 suumque'
1495 1307 1920 1367 adversarium
1962 1310 2030 1369 in
2074 1293 2172 1370 vi·-

276 1407 416 1467 cina
458 1406 614 1466 urbe
658 1406 945 1465 tolerare.
1034 1405 1399 1466 Secundum
1446 1405 1601 1465 haec
1642 1406 1870 1467 milites
1896 1408 1965 1466 in
1992 1408 2172 1468 Italia
2213 1426 2221 1432 ·

275 1506 616 1566 tumultum
660 1505 1081 1582 concitarunt,
1127 1507 1208 1565 ad
1251 1526 1441 1585 quem
1471 1507 1997 1586 compescendum
2036 1509 2175 1568 fne-

276 1606 377 1665 dia
446 1605 690 1681 hieme,
763 1610 1068 1684 quantum
1135 1605 1374 1686 potuit,
1450 1605 1876 1665 Brundusium
1945 1605 2172 1666 Caesar

270 1703 611 1765 festinavit.
697 1703 834 1763 Hoc
874 1703 1234 1766 felicissime
1276 1705 1526 1781 sedato,
1570 1696 1965 1784 militumque
1993 1713 2172 1767 vete-

271 1824 568 1864 ranorum
612 1802 939 1862 desideriis
982 1804 1318 1881 ordinatis,
1362 1803 1683 1886 trigesimo
1728 1823 1918 1883 quam
1946 1803 2016 1863 in
2042 1804 2172 1865 Ita-

270 1904 423 1963 liam
478 1909 737 1965 venerat
748 1946 767 1978 ,
840 1902 942 1962 die
999 1903 1261 1963 revertit
1302 1904 1371 1963 in
1416 1901 1746 1964 Graeciam
1762 1945 1782 1978 ,
1841 1923 1999 1963 mox
2043 1909 2169 1963 tra-

269 2000 545 2084 iecturus
599 2002 669 2060 in
719 2001 936 2062 Asiam
991 2003 1071 2061 ad
1124 2003 1631 2082 persequendum
1687 2001 1943 2061 bellum.
2053 2003 2170 2063 Hic

271 2101 519 2185 degenti
575 2101 761 2183 legati
815 2101 1078 2161 Antonii
1147 2108 1517 2178 occurrunt,
1592 2102 1672 2160 de
1723 2121 1879 2182 pace
1940 2103 2169 2162 acturi·

189 2238 202 2252 ·
271 2203 381 2283 qui
425 2223 568 2262 cum
611 2201 771 2260 nihil
810 2201 1252 2282 impetrarent,
1295 2222 1454 2262 mox
1498 2201 1692 2261 altera
1717 2201 1892 2262 venit
1919 2201 2167 2283 legatio,

268 2322 564 2384 magnam
621 2301 925 2381 pecuniae
969 2301 1098 2362 vim
1139 2302 1560 2382 promissura,
1627 2306 1693 2360 et
1734 2299 1964 2361 veteris
2010 2301 2169 2360 ami-

271 2401 454 2461 citiae
497 2420 570 2461 ac
611 2400 1092 2481 propinquitatis
1138 2400 1469 2462 Caesarem
1513 2399 2003 2461 commonitura.
2063 2406 2170 2460 ut-

254 2520 395 2579 que
463 2519 540 2559 eo
599 2498 946 2559 faciliorem
1004 2501 1085 2559 ad
1155 2521 1379 2581 pacem
1451 2499 1570 2559 sibi
1624 2499 1797 2560 viam
1852 2500 2168 2560 emuniret

268 2598 572 2658 Antonius
590 2643 608 2675 ,
654 2605 791 2657 tum
834 2619 1044 2659 noxae
1077 2599 1330 2660 Caesari
1372 2599 1628 2659 tradidit
1668 2597 1740 2657 P.
1785 2598 2164 2674 Timullium,

271 2719 458 2759 suum
512 2698 818 2773 amicum,
893 2699 1003 2758 sed
1060 2698 1338 2759 Caesaris
1395 2717 1850 2779 percussorem.
1935 2697 1999 2757 Is
2046 2700 2166 2758 ‹hi-

269 2805 404 2858 ctus
461 2797 530 2855 in
582 2797 851 2856 insulam
912 2797 1087 2858 Coon
1145 2804 1274 2874 est,
1348 2805 1414 2859 et
1456 2799 1623 2878 apud
1664 2797 1879 2857 lucum
1921 2796 2162 2856 Aescu-

267 2897 450 2978 lapii,
525 2915 718 2976 quem
774 2897 927 2957 olim
986 2899 1066 2957 ad
1119 2918 1311 2959 naves
1366 2897 1754 2957 fabricandas
1808 2915 2036 2977 magna
2081 2916 2166 2956 ex

266 3002 444 3077 parte
514 2986 893 3073 succiderat,
967 2997 1450 3058 contrucidatus.
1566 2995 1674 3055 Sic
1708 2995 1850 3071 >Dio
1918 2995 2164 3055 Cassius

266 3095 443 3155 Libr.
490 3093 600 3154 LI.
657 3117 730 3176 p.
765 3093 909 3155 513.
968 3103 1033 3157 et
1089 3102 1234 3156 ante
1307 3116 1452 3156 eum
1504 3095 1792 3155 Valerius
1850 3093 2165 3154 Maximus

267 3194 448 3254 Libr.
480 3191 532 3254 I.
584 3195 639 3253 l.
689 3196 787 3254 19.
886 3195 1131 3275 Ecquid
1184 3192 1314 3278 jam
1372 3192 1814 3254 animadvertis
1857 3191 2026 3253 hunc
2069 3194 2164 3253 rei

267 3301 479 3376 gestae
523 3294 807 3354 ordinem
849 3292 1076 3377 Velleji
1106 3292 1440 3374 Orosiique
1483 3292 1822 3353 sententiae
1869 3311 2003 3352 esse
2048 3294 2165 3351 ad-

267 3390 563 3454 versum?
632 3393 695 3454 Is
753 3392 806 3451 si
848 3394 1116 3453 veritate
1158 3394 1409 3469 nititur,
1475 3393 1733 3454 ultimus
1778 3410 1863 3449 ex
1905 3410 2160 3470 percus-

269 3494 517 3552 soribus
578 3491 860 3554 Caesaris
918 3491 987 3549 P.
1035 3492 1355 3551 Turullius
1398 3499 1602 3552 morte
1643 3511 1876 3572 poenas
1918 3490 2163 3570 persol-

271 3591 393 3668 vit,
437 3614 570 3652 non
614 3591 860 3652 Cassius
901 3591 1323 3651 Parmensis.“
