2236 3932
870 116 1210 161 Excunsns
1258 115 1323 158 v.
1927 93 2053 156 373

144 256 460 320 cessitudo
518 254 834 331 effecerit,
906 262 981 315 ut
1041 255 1110 315 in
1167 251 1495 327 omnibuS,
1573 268 1738 332 quae
1795 251 2054 330 posthac

144 356 391 437 scripsit
419 356 776 436 ediditque,
822 339 1206 414 carminibus
1231 353 1400 412 illius
1431 349 1807 412 memoriam
1838 349 2054 409 multis

141 453 461 516 foedatam
499 454 752 535 probris
783 453 1209 535 redintegrare
1241 450 1506 533 fugeret.
1594 447 1703 510 Sic
1718 491 1739 524 ,
1782 451 1854 506 ut
1899 447 2053 508 alios

141 553 428 614 omittam
470 554 680 628 10003,
735 551 916 610 Libri
959 550 1075 611 III.
1121 548 1262 611 Oda
1308 549 1369 610 5.
1425 546 1778 610 necessaria
1818 564 2052 627 prope-

139 653 404 712 modmn
445 659 582 711 erat
610 650 852 711 mentio
881 649 1110 726 cladis,
1155 668 1349 728 quam
1378 647 1465 708 M.
1494 644 1805 707 Antonius
1833 664 1872 704 a
1899 643 2052 703 Par-

141 750 267 810 this
322 754 686 829 acceperat3
746 749 860 809 sed
914 748 1195 829 prudens
1255 746 1466 807 Crassi
1520 752 1766 805 tantum
1820 741 2052 804 milites

139 847 377 908 dixisse
432 847 716 924 videtur,
789 867 873 908 ne
939 845 1344 905 instauranda
1410 842 1558 906 facti
1601 841 1932 906 temerarii
1988 846 2051 902 et

140 944 543 1028 ignominiosi
596 945 906 1008 memoria
948 943 1079 1006 Juli
1120 942 1417 1016 Antonii,
1475 942 1661 1003 amici
1718 942 1850 1018 sui,
1913 940 2049 1002 ani-

135 1065 314 1106 mum
357 1045 647 1107 violaret.
733 1045 905 1106 Haec
936 1041 1076 1104 oda
1103 1042 1295 1126 vulgo
1339 1041 1569 1122 scripta
1612 1061 1751 1102 esse
1786 1042 2049 1123 putatur

135 1163 194 1204 a.
238 1144 316 1204 U.
365 1142 436 1205 C.
480 1146 662 1222 734„
706 1164 835 1225 quo
879 1162 1032 1204 sane
1075 1162 1240 1203 anno
1283 1140 1583 1201 Phraates
1599 1183 1620 1217 ,
1666 1139 2046 1201 Parthorum

133 1261 289 1320 rex,
358 1243 644 1326 Augusto
713 1244 781 1303 in
839 1241 1029 1321 Syria
1084 1239 1362 1303 versanti
1418 1239 1695 1319 captivos
1737 1244 1802 1300 et
1872 1239 2063 1322 signa

131 1341 417 1403 Romana
457 1342 752 1404 restituit.
850 1342 935 1402 At
977 1359 1125 1402 cum
1163 1337 1545 1420 principium
1589 1338 1884 1400 carminis
1928 1329 2055 1400 ‹lo—⁵

131 1447 294 1518 ceat,
335 1440 696 1524 Augustum
718 1441 960 1503 Romae
1005 1445 1143 1500 tum
1179 1443 1581 1519 praesentem
1619 1436 1832 1514 fuisse,
1872 1437 2044 1499 hunc

130 1546 344 1602 autem
399 1547 651 1602 constet
691 1561 860 1602 anno
902 1543 1051 1620 post
1092 1538 1352 1598 demum
1395 1558 1483 1599 ex
1526 1535 1668 1598 Asia
1708 1556 2044 1599 reversum

131 1658 304 1718 esse,
346 1659 607 1702 necesse
649 1646 746 1703 est
786 1638 948 1700 illud
975 1657 1034 1698 a.
1064 1637 1139 1697 U.
1175 1637 1244 1698 C.
1273 1635 1420 1698 735.
1452 1636 1875 1717 compositum.
1902 1656 2043 1698 esse

129 1738 435 1801 dicamus.
520 1738 617 1802 Eo
662 1746 877 1801 autem
918 1742 1207 1819 tempore
1249 1734 1431 1798 Julus
1458 1735 1774 1798 Antonius
1789 1779 1811 1814 ,
1857 1734 2041 1797 circi-

128 1844 225 1899 ter
256 1839 548 1921 quinque
590 1846 658 1902 et
698 1838 921 1923 viginti
963 1853 1164 1900 annos
1207 1842 1430 1914 natus»,
1489 1834 1627 1897 sine
1673 1835 1866 1897 dubio
1909 1832 2039 1920 jam

126 1938 370 2000 dudum
411 1959 558 2002 cum
599 1940 860 2004 Horatio
903 1936 1321 2000 familiaritate
1373 1941 1437 1997 et
1488 1956 1612 1996 usu
1663 1932 2040 2019 conjunctu-s

125 2036 399 2101 vixerat.
612 2093 614 2095 ,

296 2138 470 2200 Haec
511 2135 673 2199 mihi
715 2139 926 2202 visum
968 2148 1066 2202 est
1107 2138 1505 2222 perscribere
1561 2138 1642 2199 de
1685 2137 1838 2198 Jalo
1880 2134 2029 2198 Λη-

123 2236 306 2300 tonia
316 2281 342 2315 ‚
385 2237 475 2299 M.
517 2238 782 2326 Antonii
825 2240 1173 2304 Triumviri
1214 2238 1347 2300 filio
1405 2244 1471 2298 et
1509 2237 1752 2298 Horatii
1805 2235 2031 2314 amico,

124 2358 257 2399 non
312 2342 446 2399 tam
499 2358 629 2420 quo
685 2338 986 2401 historiae
1042 2339 1335 2421 antiquae
1389 2343 1637 2420 partem
1677 2335 2031 2421 graviorem

123 2435 389 2499 caeteris
432 2443 541 2499 aut
594 2436 1029 2500 obscuriorem
1082 2439 1500 2515 illustrarem,
1562 2457 1753 2520 quam
1808 2441 1880 2496 ut
1932 2454 2028 2513 ea,
2081 2432 2084 2433 ⁷

47 2549 50 2553 ’
119 2555 287 2618 quae
344 2542 495 2598 ante
551 2536 790 2598 multos
846 2534 977 2621 jam
1034 2557 1235 2600 annos
1290 2536 1572 2599 breviter
1635 2534 2028 2616 strictimque

122 2636 418 2698 dixeram
452 2637 534 2698 «le
565 2635 810 2698 Horatii
851 2658 1168 2720 propenso
1210 2638 1277 2699 in
1319 2634 1506 2720 hujus
1549 2636 1735 2721 amici
1777 2642 2027 2718 patrem

116 2735 332 2806 animo
368 2736 738 2818 studioque,
785 2737 1044 2799 uberius
1074 2738 1463 2822 explicarem
1494 2757 1599 2817 00,
1644 2736 1853 2820 quoad
1887 2732 2022 2819 ejus

116 2831 252 2897 fieri
295 2841 541 2919 posset,
586 2834 1048 2900 confirmarem.

823 3129 1322 3147 *ψ’-σον-
