2236 3932
215 149 293 208 18
790 169 873 209 nn
919 170 977 209 1..
1009 169 1244 223 νΑιιιο,θλ
1261 168 1499 211 ΡοΕτΑ.

210 301 393 384 parvi
440 300 814 366 faciundum
867 304 1163 366 arbitror.
1249 304 1424 364 Unus
1481 310 1578 382 et,
1651 304 1826 386 quod
1881 303 2102 378 sciam,

210 401 454 482 primus
504 402 756 466 Isaacus
783 402 1049 464 Vossius
1107 403 1189 463 ad
1247 401 1468 462 Catull.
1510 425 1576 485 p.
1609 406 1715 464 22.
1774 404 1858 464 ob
1903 401 2104 462 Godd.

209 500 522 563 Mstorum
561 503 923 565 testimonia
950 501 1302 582 suspicatus
1331 508 1460 579 est,
1505 502 1586 563 L.
1627 504 1700 567 V
1689 501 1909 563 arium
1946 521 2105 583 poe-

209 605 373 678 tam,
419 602 499 663 (le
542 624 671 683 quo
701 603 974 685 agimus»,
1017 600 1122 660 hic
1146 620 1338 680 posse
1368 601 1655 686 intelligi.
1740 602 1911 662 Haec
1938 600 2106 661 Vos-

209 698 385 760 siana
429 699 789 784 conjectura
829 697 1119 780 profecto
1163 699 1351 782 digna
1392 708 1562 780 erat,
1638 722 1802 782 quae
1845 720 2105 762 accura-

208 797 335 859 tius
364 801 866 875 examinaretur,
910 817 1105 878 quam
1142 796 1382 860 factum
1410 806 1508 861 est
1537 802 1618 861 ab
1648 801 1837 864 Ever.
1867 798 2106 860 Ottone

209 895 253 956 l.
280 918 335 958 c.
368 897 518 979 Cap.
548 896 660 957 IV.
704 905 754 970 §.
782 899 845 957 2.
893 919 958 978 p.
993 896 1213 974 1649„
1270 899 1385 978 qui
1425 899 1727 961 Vossium
1766 901 1926 963 levis
1967 919 2107 960 me-

211 996 619 1057 tachronismi
670 995 1023 1073 insimulat,
1096 1016 1244 1057 cum
1300 997 1528 1059 Varius
1544 1043 1563 1075 ‚
1632 1006 1822 1081 poeta
1889 999 2106 1082 epicus

210 1101 277 1155 et
316 1096 590 1178 tragicus
605 1139 626 1172 ‚
687 1095 932 1157 Catullo
974 1092 1186 1178 junior
1226 1094 1451 1173 fuerit,
1508 1097 1808 1160 Pollionis
1851 1104 1916 1159 et
1956 1097 2107 1157 Vir-

208 1193 339 1275 gilii
395 1194 674 1275 aequalis
685 1239 706 1272 ‚
776 1196 879 1257 cui
938 1195 1132 1261 etiam
1182 1195 1660 1276 supervixisset.
1747 1198 1883 1275 Qua
1925 1198 1994 1258 in
2031 1216 2106 1257 re

209 1291 439 1353 Virum
466 1294 742 1355 Doctum
782 1293 1044 1355 mirifice
1085 1314 1205 1355 nec
1250 1295 1388 1355 sine
1432 1295 1779 1375 cupiditate
1804 1296 2105 1380 argutari,

209 1392 278 1452 in
320 1393 534 1474 aprico
578 1400 695 1454 est.
780 1393 907 1454 Nos
960 1414 1217 1474 (suoque
1261 1394 1596 1454 statuimus
1611 1439 1631 1473 ,
1675 1395 1946 1456 Varimn
1988 1394 2109 1455 Ga-

209 1491 366 1553 tullo
411 1492 652 1574 aliquot
692 1492 862 1555 vitae
905 1493 1087 1553 annis
1144 1493 1442 1554 cessisse:
1516 1500 1582 1554 at
1638 1495 1794 1575 quid
1847 1496 2109 1555 tandem

210 1591 507 1673 impedit,
528 1636 531 1637 ν
552 1613 682 1674 quo
712 1593 922 1652 minus
954 1612 1063 1653 eos
1090 1590 1485 1653 familiariter
1514 1591 1886 1676 conjunctos
1913 1593 2109 1654 fuisse

213 1687 540 1753 dicamus?
624 1691 703 1751 In
738 1691 822 1751 Is.
850 1689 1063 1752 Vossii
1095 1692 1476 1752 sententiam
1501 1694 1872 1774 nuperrime
1901 1701 2109 1754 trans-

208 1788 284 1850 iit
357 1788 649 1851 Osannus
716 1791 798 1852 ad
864 1787 1114 1873 Apulei.
1160 1791 1221 1851 d.
1279 1789 1576 1875 Orthogr.
1620 1800 1670 1866 §.
1709 1793 1815 1853 43.
1871 1815 1936 1875 p.
1968 1795 2106 1871 68„

213 1887 388 1972 cujus
418 1889 558 1950 Viri
603 1890 836 1975 egregii
878 1910 1187 1951 consensu
1228 1911 1616 1974 magnopere
1641 1892 1911 1952 laetatus
1944 1913 2107 1952 sum.

211 1988 369 2050 Nam
411 1995 481 2050 ut
522 2010 639 2073 ego
679 1990 749 2050 in
792 1989 1018 2051 Catulli
1051 1989 1346 2051 Carmine
1380 1992 1464 2051 X.
1509 1990 1790 2052 lancium
1825 1991 2108 2055 Varium

210 2093 469 2169 poetam
502 2089 858 2152 invenirem
874 2135 893 2167 ‚
937 2110 1042 2151 me
1070 2087 1200 2172 jam
1232 2091 1475 2151 (ludum
1501 2092 1820 2173 permovit
1853 2093 1920 2154 G.
1954 2091 2108 2154 Gin-

211 2209 340 2248 nae
378 2190 619 2252 mentio
661 2210 724 2251 v.
754 2189 894 2267 30„
937 2190 1048 2249 uhi
1091 2190 1320 2251 Varius
1363 2191 1633 2272 loquens
1670 2191 2020 2252 inducitur:

597 2305 831 2378 Mane,
874 2324 1010 2378 me,
1055 2303 1272 2387 inquii
1300 2305 1599 2386 puellae.-

427 2403 621 2463 Istud
631 2446 655 2478 ,
698 2403 882 2486 ¹quod
919 2404 1110 2464 modo
1153 2402 1455 2464 dixeram
1495 2425 1596 2464 me
1638 2403 1892 2481 habere,

426 2501 628 2582 Fugit
666 2523 768 2563 me
806 2502 1019 2577 rat-io,-
1062 2524 1241 2564 meus
1284 2502 1531 2564 sodali-3

431 2601 642 2664 Ginna
684 2612 778 2664 est
824 2602 1066 2682 GaJuS,
1108 2601 1170 2664 is
1211 2601 1340 2664 sibi
1367 2602 1647 2686 paravit
1670 2603 1767 2684 ¹⁴).

361 2818 446 2879 14)
481 2814 538 2866 In
572 2817 668 2866 loci
704 2813 961 2866 Catulliani
1005 2817 1209 2868 lectione
1256 2827 1305 2867 et
1351 2819 1738 2880 interpretatione
1772 2825 1961 2867 secutus
1996 2835 2104 2868 sum

214 2888 444 2938 rationem
476 2887 658 2953 Silligii
672 2923 687 2947 ,
740 2887 868 2937 haud
905 2891 1142 2939 immerito
1188 2891 1328 2940 etiam
1360 2891 1532 2938 tuentis
1567 2907 1718 2952 nuper
1753 2899 1911 2939 contra
1947 2888 2106 2938 Lach-

215 2977 439 3008 mannum
486 2961 598 3010 lect.
640 2957 791 3009 codd.
837 2963 996 3026 inquii
1042 2980 1128 3024 pro
1173 2965 1340 3028 inquio
1380 2961 1580 3024 puellae
1627 2963 1677 3009 in
1719 2959 1882 3010 Jahnii
1916 2959 2101 3012 Annal-

215 3030 344 3081 Phil.
373 3041 421 3080 et
445 3030 649 3096 Paedag.
680 3029 970 3081 V01.X111.
997 3039 1043 3082 1.
1082 3052 1131 3095 p.
1160 3039 1280 3084 289.
1355 3031 1412 3082 In
1448 3051 1505 3082 eo
1541 3041 1699 3081 tamen
1735 3033 1794 3082 ab
1831 3034 1980 3082 amico
2016 3032 2105 3081 do-

217 3105 424 3152 ctissimo
469 3103 696 3166 discessi,
755 3103 882 3166 quod
927 3122 1210 3166 praenomen
1250 3103 1428 3154 Cinnae
1462 3105 1613 3171 Gajus
1657 3106 1786 3169 typis
1832 3106 2105 3167 exprimen-

217 3174 331 3223 dum
366 3177 526 3223 curavi
567 3175 751 3242 ch'm,
802 3184 856 3224 ut
889 3175 1046 3225 fecere
1078 3179 1175 3238 jam
1209 3174 1539 3226 Lachmannus
1576 3184 1624 3225 et
1657 3178 1927 3238 nuperrime
1962 3177 2104 3225 etiam

218 3243 524 3309 Doeringius.
599 3245 671 3295 Ea
720 3246 780 3295 de
831 3264 883 3296 re
929 3257 1126 3310 egerunt
1161 3247 1486 3313 Quintilianus
1524 3247 1643 3297 Inst.
1684 3245 1776 3296 Or.
1806 3246 1944 3297 Libr.
1973 3246 2015 3296 I.
2047 3254 2101 3298 7.

220 3316 263 3378 ᾗ.
299 3322 382 3367 28.
423 3319 537 3380 ibiq.
578 3316 827 3381 Spalding.
853 3315 972 3367 Vol.
994 3317 1035 3366 1.
1066 3337 1114 3380 p.
1142 3325 1260 3370 187.
1301 3330 1348 3369 et
1382 3318 1694 3369 Terentianus
1724 3317 1885 3367 Maur.
1909 3336 1956 3368 v.
1978 3324 2100 3370 893.

215 3388 331 3448 ibiq.
372 3386 625 3439 Santenius
659 3408 708 3452 p.
731 3393 798 3439 35
818 3405 923 3451 sq„
962 3391 1239 3452 quibuscum
1274 3401 1461 3454 praeter
1494 3390 1672 3442 Norisii
1705 3387 1964 3451 Cenotaph.
1999 3387 2102 3440 Pis.

219 3457 550 3522 Dissert.1V.
590 3479 631 3511 c.
660 3466 709 3511 5.
747 3479 797 3523 p.
821 3464 942 3511 475.
995 3463 1280 3511 conferenda
1324 3472 1434 3513 sunt
1480 3481 1600 3526 quae
1648 3462 1903 3524 disputavit
1952 3458 2097 3511 Gonr.

218 3527 536 3580 Schneider-us
583 3534 634 3581 in
687 3531 945 3582 Grammat.
986 3532 1097 3582 Lat.
1123 3533 1164 3582 1.
1197 3541 1245 3584 1.
1297 3553 1345 3595 p.
1375 3540 1476 3586 232
1508 3552 1581 3597 sq.
1636 3542 1685 3583 et
1734 3549 1854 3595 quae
1906 3532 2102 3594 colleg-it

218 3599 506 3653 Eckstenius.
549 3604 609 3653 ad
643 3602 891 3655 Waltheri
926 3601 1142 3654 Tacitum
1190 3605 1249 3655 de
1285 3604 1444 3657 Oratt.
1483 3624 1526 3659 c.
1552 3611 1634 3658 17.
1673 3623 1722 3668 p.
1748 3610 1850 3656 289
1873 3620 1946 3668 sq.
2019 3601 2101 3654 Ex
