2236 3932
264 175 387 237 244
525 204 535 208 ··
840 197 920 237 nn
967 197 1190 237 cAssxo
1239 194 1601 236 rAnMENffl.

267 328 604 411 expiabili,
670 331 820 390 dum
875 331 1131 392 vivebat
1145 373 1165 406 ,
1225 330 1372 390 odio
1416 332 1585 412 apud
1627 329 1977 413 Augustum
2018 331 2156 409 fuit,

264 426 524 511 ejusque
566 426 770 510 jussu,
816 429 1017 487 tribus
1059 429 1276 488 lustris
1316 435 1456 508 post
1495 430 1653 489 iflud
1684 430 1926 491 facinus
1958 451 2159 511 paene

264 529 564 610 peractis,
608 527 868 587 Athenis
900 528 1234 587 crudeliter
1261 527 1676 609 interemptus
1707 536 1823 589 est.
1913 529 2160 610 Operae

264 627 543 709 pretium
586 627 703 685 erit
746 631 921 699 ante,
968 646 1159 704 quam
1203 627 1281 686 de
1325 646 1575 705 caussa,
1633 630 1715 688 ob
1762 649 1952 709 quam
1993 651 2160 688 unus

265 725 556 787 Horatius
616 724 893 784 Cassium
948 724 1128 783 illum
1192 731 1258 785 et
1311 714 1760 788 memoraverit
1816 734 1880 786 et
1926 728 2160 787 eximia

264 823 500 908 ingenii
541 823 769 903 poetici
811 823 996 882 laude
1042 823 1386 898 ornaverit,
1449 826 1685 905 aliquid
1729 826 2038 901 dicamus,
2085 845 2160 885 ea

267 942 429 1006 quae
486 921 724 1002 passim
781 922 947 1002 apud
1003 921 1337 1002 scriptores
1395 930 1643 984 veteres
1686 925 1764 984 de
1805 925 2160 984 Parmensis

266 1015 461 1084 Cassii
516 1021 644 1083 vita
699 1021 1017 1100 rebusque
1074 1021 1258 1101 gestis
1318 1023 1658 1083 memoriae
1714 1024 1961 1104 prodita
2002 1023 2156 1105 legi-

262 1141 441 1198 mus,
488 1128 820 1180 recensere
866 1126 962 1195 et,
1009 1120 1217 1198 quoad
1261 1118 1396 1202 ejus
1439 1120 1577 1181 fieri
1618 1129 1854 1202 potest,
1902 1124 1979 1182 ad
2023 1143 2160 1181 cer-

266 1228 400 1281 tum
440 1226 796 1299 temportnn
839 1218 1127 1278 ordinem
1170 1239 1489 1280 revocare.
1599 1222 1734 1296 Qua
1775 1221 2037 1281 ratione,
2058 1219 2161 1278 fu-

262 1325 478 1379 turum
522 1325 672 1379 esse
701 1338 1022 1399 speramus
1040 1361 1061 1390 ,
1120 1324 1191 1376 ut
1206 1362 1226 1394 ,
1287 1338 1448 1398 quae
1492 1317 1873 1379 Scholiastae
1915 1318 2160 1380 Horatii

263 1418 687 1492 tradiderunt,
763 1423 829 1477 et
887 1417 1307 1476 dilucidentur
1364 1423 1428 1477 et
1472 1418 1859 1500 corrigantur
1904 1424 1970 1478 et
2013 1440 2161 1498 sup-

262 1518 556 1599 pleantur
611 1510 856 1597 totique
912 1517 1053 1577 loco
1096 1516 1438 1577 Horatiano
1479 1518 1824 1598 plurimum
1866 1518 2021 1579 lucis
2063 1516 2160 1577 af-

258 1616 518 1677 feratur.
1701 1694 1707 1698 .

434 1717 531 1776 Ab
575 1716 939 1778 Scholiastis
997 1717 1245 1778 Cassius
1302 1717 1656 1778 Parmensis
1697 1717 1889 1777 Poeta
1933 1716 2162 1776 dicitur

260 1818 331 1877 in
375 1816 659 1897 partibus
720 1816 914 1877 Cassii
957 1823 1024 1877 et
1064 1819 1247 1877 Bruti
1303 1817 1592 1877 tribunus
1636 1817 1908 1875 militum
1950 1815 2157 1875 fuisse.

260 1913 413 1998 Ejus
455 1914 771 1977 rei‘fidem
805 1915 1137 1977 confirmat
1165 1917 1483 1999 Appianus
1511 1916 1590 1974 de
1614 1916 1687 1974 B.
1721 1915 1854 1976 civ.
1883 1914 2061 1974 Libr.
2077 1913 2158 1973 V.

262 2037 316 2077 c-
349 2018 432 2091 2.,
477 2016 587 2075 ubi
612 2019 860 2082 Κάσσιος
886 2016 915 2074 ὃ
948 2017 1280 2093 Παρμήσιος
1308 2018 1538 2093 ἐπίκλην
1562 2020 1848 2074 narratur
1881 2035 1917 2074 a
1950 2013 2161 2074 Cassio

261 2122 328 2175 et
369 2115 570 2175 Bruto
624 2115 878 2175 relictus
935 2134 1072 2175 esse
1133 2115 1202 2174 in
1244 2115 1391 2174 Asia
1435 2135 1581 2175 cum
1626 2114 1822 2173 classe
1867 2118 1930 2174 et
1972 2133 2162 2174 exer-

261 2215 418 2290 citu,
462 2220 532 2274 ut
571 2215 869 2296 pecunias
913 2214 1226 2296 exigeret:
1269 2215 1338 2273 id
1382 2215 1554 2294 quod
1597 2233 1762 2273 anno
1805 2214 1878 2272 U.
1915 2213 1984 2273 C.
2011 2215 2160 2272 712.

259 2314 514 2374 ineunte
557 2313 786 2374 factum
830 2319 944 2373 est.
1034 2313 1206 2372 Tum
1246 2314 1452 2395 pergit
1493 2313 1850 2393 Appianus:
1906 2313 2161 2370 Κασσίου
2235 2325 2236 2329 ’

261 2409 325 2464 δὲ
362 2405 779 2474 ἀποθανόντος,
833 2405 992 2464 οὐδὲν
1030 2407 1270 2475 ἐλπίζων
1307 2407 1502 2477 ὅμοιον
1551 2408 1610 2462 ἐν
1643 2403 1904 2479 Βρούτῳ,
1937 2402 2163 2460 Ῥοδίων

262 2494 558 2560 ἐπελέξατο
606 2492 719 2570 (sc.
768 2490 1013 2550 Cassius
1058 2491 1438 2570 Parmensis)
1483 2496 1615 2566 νῆας
1648 2490 1970 2566 τριάκοντα,
2027 2489 2164 2556 ὅσας

261 2576 473 2649 ἐνόμιζε
510 2578 849 2654 πληρώσειν,
887 2579 982 2634 καὶ
1013 2577 1112 2644 τὰς
1146 2577 1349 2643 λοιπὰς
1386 2578 1651 2651 διέπρησε
1681 2576 1847 2649 χωρὶς
1871 2578 1969 2649 τῆς
1994 2573 2159 2648 ἱερᾶς,

259 2663 350 2719 ἵνα
394 2663 471 2737 μὴ
523 2665 769 2719 δύναιντο
807 2663 1141 2737 νεωτερίσαι.
1214 2664 1332 2719 Καὶ
1368 2660 1398 2718 ὃ
1435 2664 1536 2732 μὲν
1571 2661 1707 2718 τάδε
1744 2662 1990 2736 πράξας,
2032 2657 2163 2733 ἇνή-

261 2769 387 2823 γετο
433 2754 554 2815 ταῖς
603 2772 663 2805 τε
712 2748 878 2815 ἰδίαις
926 2749 1020 2804 καὶ
1079 2753 1198 2814 ταῖς
1243 2745 1554 2823 τριάκοντα.
1652 2746 1904 2811 Κλώδιος
1957 2745 2048 2808 δὲ,
2102 2745 2159 2800 ἐκ
2223 2742 2236 2819 ἰ

260 2835 511 2909 Βρούτου
548 2835 834 2908 πεμφθεὶς
871 2835 926 2901 ἐς
955 2831 1142 2891 Ῥόδον
1178 2833 1274 2889 ἐπὶ
1309 2835 1445 2888 νεῶν
1479 2831 1863 2906 τρισκαίδεκα,
1903 2826 2158 2895 τοὺςῬο-

263 2918 419 2985 δίους
453 2918 867 2993 νεωτερίζοντας
901 2918 1074 2994 εὑρών
1110 2918 1422 2993 (ἐτεθνήκει
1451 2918 1553 2991 γὰρ
1579 2913 1681 2990 ἤδη
1716 2915 1806 2971 καὶ
1836 2912 1864 2971 ὃ
1893 2920 2158 2989 Βροῦτος)

263 3002 490 3079 ἐξήγαγε
521 3002 620 3079 τὴν
657 3006 934 3078 φρουρὰν,
987 3001 1157 3062 οὖσαν
1193 3001 1432 3061 ὁπλιτῶν
1466 2999 1806 3076 τρισχιλίων,
1846 3000 1939 3055 καὶ
1975 3000 2031 3066 εἷς
2067 3000 2160 3056 τὸν

263 3090 594 3166 Παρμήσιον
629 3090 838 3164 ἐχώρει.
902 3087 1155 3164 Ἀφίκετο
1195 3090 1256 3145 δὲ
1296 3086 1476 3154 αὐτοῖς
1510 3087 1604 3142 καὶ
1642 3082 2162 3157 Τουρούλιος,ιὲτε’-
2209 3111 2211 3116 ’

264 3197 367 3249 ρας
415 3173 722 3244 ναῦςέᾒζων
769 3170 982 3246 πολλοές
1017 3180 1103 3231 καὶ
1142 3172 1422 3248 χρήματα,
1478 3171 1585 3228 ὅσα
1623 3170 2007 3243 προεξείλεκτο
2047 3166 2162 3225 ἀπὸ
2232 3167 2233 3173 ’

264 3267 359 3334 τῆς
387 3257 595 3317 Ῥόδου.
663 3260 749 3326 Ἐς
786 3259 853 3333 δὴ
888 3261 951 3315 τὸ
989 3259 1240 3316 ναυτικὸν
1274 3263 1466 3322 τοῦτο,
1508 3253 1582 3322 ὡς
1619 3256 1674 3321 ἐς
1713 3249 1816 3328 ἤδη
1850 3255 1970 3310 τινὰ
1996 3252 2159 3323 ἰσχὺν,

267 3345 533 3401 συνέθεον
569 3343 694 3401 ὅσοι
731 3338 871 3417 ἦσαν
907 3345 1042 3400 κατὰ
1077 3346 1218 3421 μέρη
1255 3347 1352 3418 τῆς
1381 3340 1565 3408 Ἀσίας
1592 3341 1811 3397 ἐπὶτῶν
1829 3337 2157 3414 ὑπηρεσιῶν,

266 3429 359 3484 καὶ
410 3426 542 3485 αὐτὸ
593 3426 849 3494 ὁπλίταις
892 3450 952 3485 τε
990 3430 1051 3497 ἐξ
1085 3422 1160 3485 ὧν
1196 3429 1453 3486 ἐδύναντο
1491 3423 1868 3500 ἀνεπλήρουν,
1920 3423 2010 3478 καὶ
2043 3422 2162 3496 ε’ρέ-

249 3514 385 3579 ἱ’ταῖς
422 3515 480 3569 ἐκ
516 3511 881 3588 θεραπόντων
917 3509 954 3587 ἢ
988 3516 1309 3586 δεσμωτῶν,
1347 3511 1704 3577 ἐπιπλέοντες
1741 3510 1802 3566 δὲ
1817 3512 1938 3573 ταῖς
1954 3503 2157 3579 νήσοις,

266 3599 359 3654 καὶ
406 3595 522 3654 ἀπὸ
572 3603 681 3655 τῶν
729 3602 1022 3672 νησιωτῶν.
1106 3594 1283 3672 ἦλθον
1334 3595 1392 3654 δ’
1444 3598 1503 3663 ἒς
1551 3593 1748 3661 αὐτοὺς
1781 3593 1876 3648 καὶ
1909 3591 2161 3664 Κικέρων
