2236 3932
669 172 752 213 nn
799 172 1024 213 cassxo
1058 171 1419 214 rnnmnnsx.
1890 151 2013 214 215

112 309 450 373 Caeterum
502 307 858 370 Scriverius
914 307 1110 371 etiam
1165 314 1229 369 et
1280 306 1539 368 Delrius
1591 303 1805 369 Cassio
1860 306 2014 368 Par-

108 411 315 473 mensi
374 421 725 492 cognomen
782 406 1006 467 Severi
1051 406 1451 489 impertiunt,
1522 405 1844 467 communi
1894 406 2015 468 isto

111 529 328 572 errore
372 508 542 569 ducti
555 550 576 583 ‚
622 526 662 566 a
703 526 833 586 quo
861 512 1072 568 tamen
1099 507 1222 568 sibi
1246 506 1412 569 cavit
1438 505 1726 566 Bothius.
1789 504 2014 566 Recte:

110 630 260 671 nam
316 608 400 668 ad
455 606 767 667 tuendum
820 605 982 666 illud
1037 606 1611 686 vindicandumque
1665 624 2015 686 cognomen

110 729 300 770 nemo
344 706 465 768 erit
507 705 621 787 qui
663 697 895 766 testem
935 706 1244 787 producat
1296 706 1486 767 istum
1526 701 1872 786 Apuleium
1884 748 1905 780 ,
1948 703 2018 763 in

111 804 292 890 cujus
333 805 543 867 libello
587 805 668 866 de
713 802 1177 888 orthographia
1218 815 1270 879 ς.
1301 807 1405 867 28.
1449 805 1714 889 legimus
1733 824 1752 863 ε
1802 803 2017 879 „Gas-

109 906 251 967 sius
305 908 581 966 Severus
623 902 696 963 in
740 904 870 967 IV.
914 904 1257 981 tragoedia
1288 947 1309 967 .
1341 947 1360 965 .
1389 948 1407 965 .
1426 910 1510 980 “,
1553 904 1665 965 ubi
1703 902 1786 963 A.
1810 899 2017 984 Maius

109 1027 240 1068 non
282 1005 595 1067 dubitavit
635 1004 988 1087 intelligere
1018 1003 1306 1066 Cassium
1332 1004 1742 1065 Parmensem
1757 1046 1778 1081 ‚
1823 1021 1861 1070 a
1885 1003 2017 1083 quo

107 1107 337 1169 multas
378 1105 732 1188 tragoedias
776 1104 1041 1185 scriptas
1094 1123 1235 1164 esse
1286 1109 1655 1164 attestentur
1695 1103 1912 1165 Acron
1954 1107 2025 1164 et·

109 1205 508 1288 Porphyrion
522 1248 544 1281 ,
612 1204 862 1265 Horatii
918 1201 1331 1264 Scholiastae.
1427 1201 1504 1262 In
1561 1199 1715 1286 Maji
1765 1208 2018 1264 senten-

110 1306 263 1367 tiam
316 1304 563 1366 transiit
613 1302 720 1366 Fr.
767 1300 1059 1364 Osaunus
1099 1323 1164 1383 p.
1205 1303 1311 1363 62.
1341 1322 1438 1382 sq.
1539 1301 1628 1362 At
1667 1302 2017 1380 verissime,

109 1406 165 1467 si
208 1405 364 1486 quid
405 1401 654 1486 judico,
711 1401 814 1465 J0.
853 1401 987 1463 Nic.
1030 1400 1382 1484 Madvigius
1422 1400 1492 1461 in
1532 1399 1778 1461 Prolus.
1819 1401 2018 1463 Acad.

109 1504 299 1566 Ilafn.
348 1504 536 1564 1829.
580 1523 646 1584 p.
690 1502 794 1563 21.
823 1521 919 1581 sq.
965 1496 1263 1581 conjecit,
1321 1499 1513 1560 istum
1550 1497 1892 1582 ⁴Apuleium
1935 1521 2021 1562 ex

106 1603 251 1665 loco
295 1600 512 1664 Ovidii
567 1622 655 1662 ex
696 1602 884 1662 Pont.
927 1597 1109 1659 Lihr.
1136 1596 1249 1659 IV.
1292 1597 1470 1682 Eleg.
1508 1600 1610 1678 16.
1654 1620 1719 1661 v.
1747 1600 1814 1660 9.
1854 1600 2022 1660 male

110 1702 432 1764 intellecto
446 1746 467 1779 ,
512 1721 661 1763 cum
701 1721 819 1781 pro
864 1697 1163 1760 Cornelio
1207 1696 1452 1761 Severo
1499 1696 1786 1761 Cassitun
1828 1699 2022 1782 signi-

5 1795 14 1798 *
109 1802 286 1865 ficari
342 1807 627 1884 putasset
641 1845 662 1878 ,
733 1819 1011 1880 eumque
1077 1798 1324 1882 vulgari
1386 1817 1606 1860 errore
1664 1818 1812 1859 cum
1867 1799 2023 1859 Par-

110 1901 316 1965 mensi
358 1899 779 1976 confudisset,
821 1899 992 1960 hunc
1036 1897 1325 1960 Cassium
1368 1896 1687 1960 Severum
1715 1898 2023 1981 tragicum

109 2000 414 2065 effecisse.
514 1999 748 2061 Contra
801 1997 966 2060 hanc
1020 1997 1319 2081 Madvigii
1375 1998 1751 2059 sententiam
1806 1997 2023 2079 dispu-

110 2102 261 2163 tavit
318 2100 427 2162 Fr.
472 2097 764 2161 Osannus
818 2099 886 2159 in
927 2096 1142 2160 Jahnii
1183 2096 1406 2159 Annal.
1448 2097 1678 2159 Litter.
1723 2103 1788 2159 et
1827 2097 2018 2159 Paed.

110 2200 255 2263 Vol.
283 2198 465 2260 XIII.
521 2222 587 2283 p.
635 2200 784 2261 323.
829 2220 960 2280 sq.‚
1027 2218 1148 2260 nec
1190 2203 1406 2260 tamen
1448 2195 1695 2276 effecit,
1753 2203 1828 2258 ut
1866 2218 2022 2281 pro-

108 2308 254 2385 pter
293 2321 495 2361 unum
535 2295 882 2382 Apuleium
896 2343 916 2376 ,
974 2303 1200 2359 testem
1242 2304 1612 2381 corruptum
1655 2303 1719 2359 et
1758 2303 2023 2379 propter

110 2401 322 2483 ipsum
362 2406 615 2481 tempus
631 2443 651 2474 ,
696 2420 823 2480 quo
857 2398 1051 2474 vixit,
1094 2403 1167 2457 ut
1191 2395 1792 2460 Jurisconsultorum
1819 2398 2022 2461 verbo

113 2507 290 2575 utar,
347 2498 807 2575 intestabilem,
867 2499 1099 2559 Poetae
1140 2497 1472 2561 Parmensi
1514 2518 1871 2582 cognomen
1910 2492 2029 2559 ‚Se-⁴

110 2598 255 2662 veri
293 2598 655 2659 adhaesisse
699 2599 976 2660 credam.

282 2698 741 2777 Quaerentibus
786 2705 1003 2759 autem
1059 2698 1247 2759 nobis
1290 2696 1563 2776 fontem,
1621 2718 1701 2760 ex
1745 2720 1874 2780 quo
1915 2698 2021 2759 ille

111 2820 295 2863 error
337 2799 758 2875 emanaverit,
803 2819 933 2859 non
978 2804 1075 2860 est
1117 2798 1197 2858 ad
1223 2798 1703 2882 intelligendum
1747 2796 2019 2873 difficile,

111 2901 264 2962 inde
306 2898 543 2960 factum
585 2918 760 2975 esse,
832 2898 1042 2980 quod,
1111 2898 1220 2978 qui
1262 2898 1540 2980 primum
1583 2899 1665 2961 de
1706 2900 2022 2959 Romano-

112 3021 259 3062 rum
300 2998 525 3060 litteris
582 2998 886 3079 scripsere
931 2997 1070 3058 Viri
1110 2997 1335 3076 Docti,
1394 2998 1677 3060 Cassium
1718 2999 2022 3059 Parmen-

112 3120 250 3162 sem
292 3098 550 3160 Poetam
614 3117 763 3158 cum
823 3095 1037 3158 Cassio
1097 3095 1338 3161 Severo
1384 3096 1688 3176 Oratore,
1757 3100 1836 3159 de
1892 3119 2020 3180 quo

112 3200 307 3261 modo
351 3197 659 3271 diximus,
706 3216 821 3278 per
861 3197 1171 3259 incuriam
1207 3199 1550 3280 quamdam
1580 3196 2022 3259 confuderunt.

112 3298 258 3361 Jam
300 3318 428 3379 quo
471 3293 674 3380 major
715 3297 972 3358 illorum
1029 3304 1166 3359 erat
1215 3298 1553 3359 auctoritas
1597 3304 1660 3358 et
1702 3298 2023 3360 doctrinae

115 3397 320 3474 fama,
378 3396 501 3458 hoc
555 3397 798 3477 plures,
870 3403 944 3457 ut
998 3395 1139 3459 fieri
1193 3398 1454 3475 assolet,
1518 3396 2020 3475 inveniebantur,

115 3497 227 3579 qui
243 3540 263 3573 ‚
307 3516 380 3557 re
421 3516 552 3558 non
594 3496 861 3579 amplius
890 3497 1251 3579 explorata,
1294 3502 1713 3579 sequerentur
1741 3502 1804 3558 et
1829 3497 2021 3558 istum

117 3616 398 3659 errorem
468 3596 670 3659 veluti
736 3617 855 3681 per
923 3598 1250 3660 traducem
1321 3598 1402 3657 ad
1475 3602 1751 3659 nostram
1822 3618 2022 3679 usque
