2236 3932
704 151 786 192 οε
831 152 892 194 1..
934 149 1144 196 vAmo
1189 149 1428 191 ron'rA.
1932 129 2008 192 ll

1 284 3 294 ’
117 307 247 370 que
270 285 619 348 Wetzelius
647 309 713 368 p.
739 287 883 348 149.
896 285 971 367 ⁸).
1038 284 1590 368 Importunissimo
1620 286 1724 347 isfi
1750 285 2014 366 homini,

116 387 232 468 qui
281 386 537 448 Livium
588 385 872 447 Drusum
933 385 1101 451 ferro
1156 390 1220 446 et
1276 385 1350 461 Q.
1392 384 1716 446 Metellum
1769 406 2014 448 veneno

0 468 1 491 ³
115 486 436 547 sustulisse
477 485 807 566 putabatur
821 530 841 563 ,
885 505 1025 547 sese
1064 484 1353 566 opposuit
1379 483 1662 564 inprimis
1687 485 1773 544 M.
1800 484 2017 546 Aemi-

113 585 234 645 lius
262 583 569 661 ScauruS,
623 584 704 644 de
747 606 875 664 quo
919 586 1043 670 egit
1083 584 1405 645 Ellendtus
1444 583 1512 643 in
1553 583 1906 666 Prolegom.
1946 585 2017 645 in

116 682 316 743 Cicer.
345 684 528 743 Brut.
554 704 618 763 p.
643 682 875 743 XLVI.
894 706 1033 765 sqq.
1047 682 1123 763 ⁹).
1211 681 1479 744 Summo
1519 683 1697 742 illum
1740 684 2016 744 cruciatu

113 782 375 864 periisse
389 827 411 860 ,
482 802 629 843 cum
682 784 858 843 exsul
911 785 978 843 in
1035 804 1259 844 manus
1321 782 1636 844 sociorum
1676 782 2012 862 incidisset,

113 887 505 962 compertum
546 881 854 943 habemus
897 902 984 944 ex
1028 883 1345 944 Ciceronis
1386 883 1448 942 d.
1478 881 1553 942 N.
1585 882 1663 943 D.
1693 881 1870 942 Libr.
1897 882 2016 943 ΙΠ.

113 999 170 1041 c.
197 980 305 1039 33.
412 977 567 1063 Ejus
622 1003 796 1043 mors
852 983 1110 1059 accidit,
1190 990 1260 1043 ut
1316 1002 1404 1043 ex
1465 981 1782 1062 CiQronis
1836 983 2014 1043 Brut.

113 1099 173 1139 c.
199 1079 307 1139 89.
349 1088 402 1154 §.
428 1080 492 1140 7.
538 1082 863 1161 discimus,
909 1103 1072 1144 anno
1106 1082 1528 1143 Tribunatum
1570 1088 2015 1165 consequente,

110 1177 156 1242 i.
182 1198 241 1239 e.
274 1199 332 1239 a.
356 1179 435 1254 U.
469 1179 537 1240 C.
566 1182 715 1243 665.
1977 1248 1982 1255 .

279 1278 372 1358 Π)
416 1279 487 1340 Ρ.
518 1281 740 1342 Varius
780 1280 948 1340 haud
991 1279 1180 1340 dubie
1234 1279 1588 1360 negotiator
1630 1281 1733 1342 vel
1772 1279 2018 1342 fenera-

109 1384 242 1456 tor,
286 1379 398 1459 qui
442 1378 814 1455 Caecilium,
870 1378 1059 1438 Attici
1101 1379 1513 1455 avunculum,
1557 1399 1783 1461 magna
1824 1401 2019 1460 pecu·-

109 1478 215 1539 nia
254 1476 540 1538 fraudare
581 1478 896 1554 voluerat,
940 1483 1328 1538 memoratur
1369 1498 1406 1538 a
1439 1477 1740 1539 Cicerone
1784 1480 1863 1541 ad
1905 1479 2019 1540 At-

108 1577 215 1639 tio.
255 1576 432 1636 Libr.
459 1575 512 1635 1.
555 1575 752 1657 Epist.
787 1578 843 1637 l.
860 1621 879 1655 ‚
941 1597 1103 1657 quae
1146 1577 1374 1658 scripta
1417 1583 1514 1638 est
1553 1597 1790 1639 mense·
1814 1578 2015 1656 Quin-

107 1675 200 1736 tili
244 1695 301 1736 a.
331 1676 405 1736 U.
435 1675 505 1736 C.
532 1677 682 1737 689.
766 1676 869 1736 Ab
912 1676 1036 1737 hoc
1079 1676 1359 1738 diversus
1402 1687 1499 1738 est

279 1773 404 1855 ΠΙ)
448 1774 520 1835 Ρ.
547 1775 775 1836 Varius
787 1821 807 1854 ,
874 1796 1070 1856 quem
1111 1776 1321 1839 virum
1373 1776 1783 1839 fortissimum
1826 1782 2017 1858 atque

106 1875 420 1957 optimum
476 1874 680 1936 civem
745 1876 1014 1957 appellat
1075 1874 1296 1938 Cicero
1350 1898 1468 1959 pro
1524 1877 1741 1940 Milon.
1787 1897 1842 1938 c.
1875 1879 2015 1956 27„

108 1975 219 2035 ubi
257 1973 586 2035 Editorum
641 1974 899 2056 quidam
952 1975 1122 2036 h1mc
1175 1976 1244 2037 in
1288 1997 1501 2038 caussa
1539 1977 1876 2038 Miloniana
1918 1974 2018 2060 ju-

107 2074 318 2135 dicem
372 2080 611 2135 temere
666 2074 1056 2155 suspicantur
1114 2095 1250 2136 esse
1309 2077 1504 2137 istum
1575 2075 2014 2154 feneratorem,

108 2173 358 2235 Caecilii
426 2172 870 2235 fraudatorem.
989 2174 1326 2237 Caeterum
1394 2198 1512 2258 pro
1590 2176 1666 2256 Q.
1711 2175 2016 2254 Varium,

105 2294 270 2355 quae
313 2281 446 2334 erat
486 2274 670 2336 lectio
714 2275 991 2357 vulgata,
1039 2274 1414 2337 Garatonius
1458 2299 1523 2358 p.
1561 2278 1708 2337 212.
1753 2277 1855 2337 ed.
1903 2273 2015 2337 Or.

107 2393 195 2434 ex
220 2372 418 2435 Codd.
446 2374 620 2435 Mstis
649 2374 928 2455 reposuit
955 2377 1030 2436 P.
1052 2374 1335 2439 Varium
1359 2376 1455 2456 10).
1514 2375 1734 2438 Recte.
1792 2374 2015 2457 Neque

107 2472 278 2535 enim
321 2473 445 2534 huc
486 2473 701 2535 vocari
743 2480 957 2555 potest

274 2571 395 2653 IV)
442 2572 521 2654 Q.
551 2572 804 2651 Varius,
850 2573 963 2654 qui
1005 2594 1043 2634 a
1075 2573 1378 2636 Cicerone
1404 2574 1582 2637 testis
1614 2580 1827 2638 contra
1857 2574 2016 2637 Ver-2

102 2691 245 2733 rem
284 2673 650 2754 producitur
688 2674 829 2735 Act.
854 2673 935 2733 Π.
978 2673 1156 2734 Libr.
1186 2672 1271 2733 H.
1316 2694 1371 2736 c.
1405 2675 1510 2735 48.

275 2771 363 2852 V)
405 2771 495 2842 M.
526 2773 787 2852 Varius,
860 2773 998 2834 dux
1054 2773 1320 2842 Sertorii
1374 2774 1440 2835 in
1498 2773 1796 2856 Hispania
1839 2794 1896 2835 a.
1938 2774 2011 2835 U.

104 2869 176 2932 C.
207 2871 392 2950 679„
435 2874 669 2935 missus
713 2876 794 2936 ab
835 2874 963 2936 hoc
1005 2875 1086 2935 ad
1115 2873 1552 2935 Mithridatem
1593 2873 1872 2935 foederis
1915 2872 2013 2934 fa·-

249 3094 302 3146 8)
340 3087 522 3140 Confer
566 3089 914 3139 adnotationem
955 3086 1019 3139 C.
1048 3087 1215 3139 Beieri
1261 3089 1324 3138 ad
1358 3087 1606 3140 Ciceronis
1643 3087 1782 3137 Orat.
1807 3086 2005 3151 Fragm.

101 3176 192 3222 pro
227 3157 407 3211 Scauro
442 3180 491 3226 p.
523 3167 643 3213 133.
666 3180 774 3225 sqq.
813 3172 862 3211 et
898 3159 1113 3212 Ellendt.
1149 3161 1211 3212 ad
1248 3160 1406 3213 Cicer.
1443 3158 1585 3211 Brut.
1618 3178 1660 3210 c.
1693 3167 1778 3211 62.
1818 3161 1864 3224 §.
1887 3166 2012 3211 221.

103 3248 154 3293 Ρ.
188 3236 307 3362 153).
344 3301 576 3354 conseras
613 3307 756 3354 etiam
792 3301 848 3353 P.
870 3302 1196 3368 Weaselingii
1234 3303 1513 3356 Observatt.
1540 3302 1681 3352 Libr.
1697 3300 1738 3351 1.
1777 3319 1820 3354 c.
1845 3308 1928 3354 11.
1964 3312 2015 3353 et

102 3371 372 3423 Drumanni
409 3373 592 3425 Histor.
631 3374 772 3426 Rom.
802 3374 942 3426 Tom.
969 3374 1010 3427 Ι.
1053 3394 1101 3438 p.
1129 3382 1216 3428 27.
1237 3395 1314 3439 aq.

254 3453 340 3503 10)
379 3444 513 3511 Quot
548 3457 595 3495 et
631 3458 831 3510 quantas
867 3464 917 3497 n.
951 3445 1142 3497 Varius
1177 3466 1273 3498 uno
1308 3451 1356 3497 in
1391 3449 1504 3497 loco
1541 3446 1738 3496 subierit
1770 3454 2015 3509 corrupte·
2130 3460 2136 3465 ’

102 3516 179 3565 las
213 3535 300 3581 per
335 3517 637 3567 librariorum
674 3522 948 3569 oscitantem
984 3535 1213 3585 operam,
1276 3521 1480 3584 intelligi
1524 3526 1683 3583 potest
1716 3534 1782 3568 ex
1817 3517 2013 3568 adnota-

104 3590 233 3639 tione
268 3587 505 3654 Pcyronis
539 3590 599 3640 ad
630 3588 683 3641 ln.
708 3590 744 3640 l.
771 3608 821 3655 p.
845 3595 963 3643 116.
989 3587 1154 3643 orell.
