2236 3932
662 216 744 256 os
789 216 850 256 ι..
890 213 1102 257 vauro
1147 213 1387 255 romu.
1886 195 1972 260 95

70 372 199 434 quo
238 351 306 412 in
338 351 484 415 loco
524 351 762 414 Poetae
818 372 952 414 non
991 350 1359 413 meretrices
1402 353 1768 415 obversatas
1813 375 1973 434 esse,

71 453 186 513 sed
226 451 468 533 puellas
520 453 828 536 ingenuas
881 457 951 514 et
990 457 1316 514 matronas
1329 494 1351 530 ,
1410 451 1478 512 in
1522 451 1811 514 confesso
1845 453 1974 516 'est-

70 711 288 776 inprimis
336 725 484 760 sexus
525 708 772 758 muliebris
819 708 929 759 inde
964 727 992 759 a
1039 711 1218 759 teneris
1264 709 1326 759 ad
1373 727 1512 760 omne
1544 710 1770 760 lasciviae
1806 719 1856 761 et
1889 729 1976 762 ne-

71 784 251 845 quitiae
285 798 437 845 genus
473 780 589 829 ferri
626 780 879 832 condiscat.
965 779 1164 831 Puellae
1202 799 1229 831 a
1265 782 1538 845 parentibus
1574 782 1802 831 adulteris
1838 792 1978 832 natae

70 857 236 916 utique
282 851 592 915 turpitudinis
645 852 849 914 quadam
895 855 1172 916 contagione
1238 855 1547 917 tenebantur,
1609 854 1697 903 sed
1737 863 1788 903 ut
1840 855 1980 904 adul-

72 935 149 975 tae
183 924 246 974 ad
293 933 544 987 parentum
588 923 774 987 flagitia
822 925 1212 987 prolaberentur,
1281 926 1515 975 efficiebat
1547 943 1772 989 perversa
1805 926 1980 976 educa-

71 998 173 1057 tio,
220 997 301 1045 vel
346 996 498 1044 bonae
533 995 711 1044 indolis
761 998 1043 1058 corruptrix.
1131 995 1262 1046 Huic
1309 999 1518 1046 maxime
1569 998 1711 1046 tribui
1765 1015 1792 1046 a
1836 1006 1980 1062 poeta

71 1085 405 1127 communem,
456 1084 578 1129 quae
612 1068 663 1115 in
699 1069 898 1129 patriam
930 1067 1156 1128 fluxerit,
1214 1068 1423 1130 cladem,
1471 1070 1666 1130 planum
1701 1068 1757 1118 fit
1792 1087 1856 1119 ex
1892 1087 1980 1132 op-

70 1141 242 1203 positis
285 1157 334 1189 v.
367 1142 454 1189 34.
483 1156 634 1201 ·sqq.,
698 1139 782 1187 ubi
842 1140 1063 1201 antiquae
1121 1139 1400 1201 disciplinae
1457 1143 1688 1189 severitas
1738 1141 1980 1204 laudatur,

72 1229 165 1274 qua
215 1211 377 1273 proles
424 1210 485 1259 ad
520 1211 719 1259 militiae
755 1217 803 1260 et
849 1213 1135 1260 rusticorum
1182 1228 1378 1272 operum
1427 1213 1672 1261 molestias
1706 1213 1980 1263 adsuefacta

71 1282 364 1332 induruerat.
403 1308 475 1317 —
521 1278 672 1331 Vers.
709 1286 793 1331 22.
832 1291 1134 1330 controversa
1170 1282 1425 1330 admodum
1462 1291 1536 1330 est
1572 1284 1715 1332 lectio
1751 1294 1799 1334 et
1833 1287 1982 1335 inter-

73 1356 291 1417 pretatio.
366 1351 582 1414 Bentleii
618 1354 944 1402 anctoritatem
979 1354 1301 1401 restituentis:
1340 1354 1568 1418 fingitur
1610 1354 1824 1418 artibus,
1873 1373 1983 1405 cum

79 1443 244 1476 omnes
296 1427 446 1474 secuti
492 1434 604 1474 sunt
654 1424 898 1483 editores,
959 1432 1063 1472 tum
1109 1425 1254 1471 etiam
1291 1421 1496 1475 Carolus
1532 1424 1662 1487 Fea,
1714 1429 1808 1476 nisi
1855 1427 1983 1490 quod

73 1498 322 1546 meliorem
357 1496 541 1544 induxit
578 1495 953 1555 distinctionem,
1002 1499 1108 1555 jure
1144 1494 1412 1556 adoptatam
1450 1495 1508 1543 ab
1544 1494 1748 1561 Jahnio‚
1796 1496 1867 1548 V.
1901 1497 1982 1549 cl.

74 1566 302 1631 Plerique
353 1584 401 1615 v.
450 1564 639 1615 ‹zv-tibus
686 1582 798 1614 casu
861 1567 1004 1614 tertio
1050 1566 1286 1627 accipiunt
1337 1566 1398 1616 de
1446 1568 1624 1617 artibus
1679 1572 1981 1631 meretriciis,

73 1642 247 1702 quibus
277 1639 462 1701 puellas
497 1638 680 1686 institui
714 1638 884 1687 solitas
920 1654 1031 1687 esse
1065 1654 1093 1685 a
1128 1638 1362 1688 matribus
1409 1638 1469 1688 ad
1505 1640 1816 1702 pelliciendos
1853 1659 1984 1690 ama-

72 1721 233 1772 tores,
270 1727 333 1759 ex
366 1707 531 1758 Ovidii
553 1707 729 1758 Amor.
760 1706 991 1758 Libr.11.
1034 1707 1110 1757 El.
1145 1715 1230 1760 10.
1266 1727 1315 1760 v.
1350 1716 1398 1762 5.
1438 1719 1486 1760 et
1522 1712 1582 1761 de
1617 1710 1687 1762 A.
1725 1711 1796 1763 A.
1843 1712 1983 1764 Libr.

71 1781 116 1831 I.
154 1800 202 1831 v.
241 1784 364 1832 242.
415 1781 619 1843 aliisque
662 1779 832 1830 docere
888 1780 1071 1830 studuit
1117 1779 1236 1830 Fea.
1338 1781 1510 1832 Altera
1561 1781 1793 1833 Codicum
1840 1785 1984 1835 lectio

59 1855 287 1920 fingitur
319 1851 525 1901 mabit-5
572 1850 715 1900 habet
764 1854 1057 1914 antiquitatis
1092 1854 1548 1904 commendationem
1582 1856 1642 1904 ab
1678 1853 1984 1920 Scholiastis,

73 1929 156 1988 qui
204 1927 271 1975 ita
316 1924 575 1989 legendum
623 1941 732 1973 esse
781 1924 980 1986 docent,
1032 1927 1143 1987 quia
1189 1943 1284 1974 non
1327 1943 1355 1975 a
1402 1944 1447 1976 v.
1497 1939 1661 1989 ames,
1720 1928 1808 1979 sed
1843 1942 1985 1979 artus

73 1996 343 2046 descendat.
417 1994 529 2062 Quo
565 1989 691 2044 sacto
728 1997 870 2044 verba
893 1997 1121 2062 fingitur
1148 1996 1351 2047 artubus
1370 1999 1488 2065 jam
1525 2018 1658 2049 nunc
1691 2018 1779 2062 per
1806 2017 1986 2064 epexe-

73 2071 210 2133 geain
246 2067 474 2130 capienda
517 2076 679 2116 essent
713 2066 774 2116 de
810 2069 1060 2117 saltatione
1098 2068 1382 2134 artificiosa,
1420 2072 1610 2120 mimica
1640 2080 1690 2121 et
1725 2073 1983 2138 cinaedica,

73 2142 351 2204 praesertim
403 2149 593 2202 recepta
645 2139 829 2201 aliquot
864 2137 1018 2189 Codd.
1067 2141 1272 2192 lectione
1294 2142 1591 2209 frangitur.
1664 2142 1744 2194 De
1782 2162 1836 2194 re
1871 2162 1986 2194 con-

73 2214 189 2262 ferri
249 2221 452 2274 possunt
511 2211 669 2274 lntpp.
727 2212 787 2260 ad
834 2210 1150 2275 Alciphronis
1198 2210 1339 2263 Libr.
1385 2211 1428 2262 I.
1482 2213 1575 2277 Ep.
1621 2220 1708 2266 39.
1757 2214 1897 2265 Tom.
1938 2215 1982 2266 Ῑ.

74 2302 124 2347 p.
152 2286 274 2334 253.
314 2293 362 2332 et
397 2282 458 2331 ad
482 2281 623 2331 Plinii
652 2280 829 2348 Paneg.
869 2301 910 2332 c.
946 2287 1031 2334 46.
1071 2285 1119 2343 §.
1152 2288 1202 2334 4.
1224 2320 1241 2347 ‚
1281 2293 1328 2335 et
1365 2284 1426 2334 de
1459 2287 1617 2336 verbis
1651 2284 1714 2337 N.
1750 2287 1983 2339 Heinsius

0 2375 15 2381 ·
76 2355 136 2404 ad
171 2353 422 2404 Claudiani
469 2357 520 2403 in
557 2353 761 2418 Eutrop.
796 2354 938 2405 Libr.
965 2354 1008 2406 I.
1061 2373 1109 2404 v.
1145 2361 1266 2406 262.
1311 2375 1361 2419 p.
1393 2362 1550 2423 291„
1609 2361 1692 2422 qui
1727 2359 1985 2410 lectionem

62 2428 341 2496 frangitur
390 2425 595 2476 ‹zv-tubus
643 2429 782 2477 unice
832 2445 993 2477 veram
1044 2427 1207 2477 dicens
1257 2428 1319 2477 de
1355 2431 1546 2480 mimico
1580 2439 1629 2480 et
1661 2431 1873 2489 resoluto
1910 2435 1986 2482 in-

77 2516 214 2549 cessu
259 2498 483 2561 explicat.
575 2496 652 2548 At
701 2496 952 2561 Bentlejus
999 2517 1105 2549 eam
1151 2501 1268 2549 vitio
1303 2501 1523 2551 laborare
1555 2503 1826 2568 contendit,
1876 2521 1987 2554 cum

75 2568 251 2619 Latine
286 2569 381 2619 dici
418 2571 678 2633 oportuerit
696 2571 975 2638 frangitur
1008 2583 1178 2633 anus,
1214 2589 1309 2621 non
1342 2571 1562 2623 artubus.
1634 2572 1799 2625 Nihilo
1827 2584 1986 2625 tamen

76 2644 235 2691 secius
268 2642 406 2691 istam
443 2642 694 2692 lectionem
729 2641 932 2692 Horatio
980 2644 1040 2692 ab
1090 2642 1351 2693 editoribus
1386 2654 1654 2708 surreptam
1690 2663 1798 2697 esse
1833 2665 1987 2710 nuper

77 2714 232 2763 doluit
267 2711 550 2764 Huschkius
584 2714 647 2763 ad
681 2712 884 2763 Domitii
918 2714 1076 2764 Marsi
1112 2713 1419 2778 Epitaphium
1440 2715 1626 2767 Tibulli
1664 2735 1711 2769 v.
1733 2725 1786 2770 3.
1824 2719 1887 2770 Τ.
1916 2717 1984 2768 Π.

76 2803 126 2849 p.
175 2790 296 2835 679.
344 2788 652 2848 monuitque,
698 2804 748 2836 v.
802 2784 1006 2835 ‹zv-tubus
1058 2803 1152 2835 non
1202 2804 1310 2837 esse
1361 2789 1622 2839 ablativum
1665 2791 1982 2852 instrumenti,

77 2856 164 2906 sed
215 2860 462 2921 materiei,
516 2857 567 2906 id
613 2857 742 2920 quod
790 2859 961 2918 injuria
999 2859 1244 2921 negaverit
1288 2857 1559 2923 Bentlejus.
1634 2858 1787 2925 Optat
1818 2864 1985 2926 igitur,

77 2939 131 2978 ut
178 2929 303 2991 apud
339 2927 593 2979 Horatium
644 2939 893 2980 revocetur
932 2931 1077 2980 lectio
1106 2931 1388 2997 frangitur
1436 2931 1641 2983 artubus
1651 2969 1671 2994 ‚
1722 2951 1864 2997 quam
1899 2933 1984 2981 fir-

77 3001 198 3048 mari
234 3002 300 3049 ait
346 3001 452 3051 loco
489 2998 736 3064 Sulpiciae
771 2999 874 3050 Sat.
913 3018 962 3051 v.
986 3006 1035 3051 ⁴.
1083 3002 1229 3064 „Nec
1262 3006 1481 3056 tn'noewo
1515 3003 1719 3070 Iambe,
1773 3023 1863 3055 nec
1897 3005 1985 3071 qui

71 3069 203 3134 pede
237 3073 450 3140 fractus
495 3070 661 3123 eodem
705 3071 926 3123 Fortiter
978 3076 1133 3124 irasci
1179 3071 1416 3127 didicit&
1502 3075 1739 3139 Equidem
1786 3073 1984 3139 ἓπέχωε

79 3160 189 3191 nam
236 3145 375 3194 istam
424 3145 677 3195 lectionem
723 3147 824 3195 sive
873 3145 934 3195 de
980 3146 1229 3196 saltatione
1277 3149 1381 3197 sive
1430 3147 1492 3199 de
1528 3150 1716 3198 incessu
1752 3148 1982 3212 explicas,

80 3214 291 3263 violatur
337 3216 531 3281 eleg-ans
582 3226 631 3267 et
675 3216 939 3279 ponderosa
984 3219 1130 3268 totius
1173 3217 1397 3282 strophae
1432 3221 1639 3271 brevitas
1691 3228 1741 3269 et
1789 3227 1982 3270 senten·

80 3286 254 3334 tiarum
298 3285 445 3350 ordo,
505 3289 589 3350 qui
647 3286 726 3337 hic
774 3298 876 3337 est:
940 3289 1079 3352 virg-o
1125 3290 1415 3353 simulatque
1463 3291 1623 3341 adulta
1673 3300 1773 3352 est,
1841 3289 1985 3341 discit

80 3358 253 3406 molles
284 3359 588 3422 saltationes,
623 3360 792 3421 quibus
815 3377 1012 3422 corpus,
1049 3369 1098 3410 et
1131 3372 1257 3412 artes
1291 3365 1621 3425 meretricias,
1672 3364 1843 3425 quibus
1881 3363 1984 3411 aui-

79 3445 187 3476 mus
223 3432 568 3492 corrumpitur,
606 3441 653 3479 et
683 3441 905 3493 utrasque
940 3431 1106 3481 edocta
1141 3450 1249 3482 cum
1280 3436 1376 3499 sit,
1409 3452 1503 3483 non
1538 3436 1714 3483 mirum
1751 3442 1839 3496 est,
1877 3450 1983 3483 eam

81 3501 131 3547 in
167 3509 328 3550 tenera
365 3501 520 3550 adbuc
553 3511 708 3563 aetate
742 3503 810 3551 nil
841 3504 934 3552 nisi
968 3502 1150 3568 flagitia
1189 3507 1347 3555 animo
1383 3504 1576 3554 habere.
1656 3503 1819 3568 Haec,
1858 3521 1983 3568 quae

80 3572 215 3635 virgo
259 3572 454 3635 didicit,
515 3573 747 3623 lenocinia
793 3582 983 3624 exercet
1025 3592 1140 3625 mox
1188 3577 1269 3626 ubi
1316 3586 1460 3639 nupta
1511 3584 1586 3627 est
1629 3578 1764 3628 viro!
1814 3575 1984 3639 Atque

81 3639 234 3709 banc,
297 3661 439 3708 quam
482 3642 630 3695 Poeta
679 3642 959 3696 Venusinus
1006 3646 1252 3713 depingit,
1302 3649 1519 3698 mulieris
1565 3648 1798 3713 ingenuae
1837 3658 1984 3713 atque
