2236 3932
599 214 680 253 nr:
727 211 953 254 eAssm
1000 211 1365 266 rAnmssnsn
1870 194 1988 254 291

103 351 540 413 Ciceronianus
567 350 650 409 ad
676 349 926 431 DiverS.
953 346 1291 425 Libnxu.
1306 346 1629 413 invenitur
1657 346 1854 408 tertia
1885 350 1996 408 de-

102 451 291 528 cima,
324 450 557 530 scripta
583 454 679 509 est
703 449 783 509 ad
799 446 1172 508 Ciceronem
1194 467 1231 508 a
1246 445 1456 508 Cassio
1482 446 1776 527 quodam,
1805 468 1997 527 quem

102 572 139 612 a
193 550 263 610 C.
306 548 519 609 Cassio
574 545 863 627 Longino
908 547 1166 607 Prone&
1210 546 1529 607 diversum
1584 535 1723 619 esse
1777 567 1998 607 omnes

102 650 397 720 viderunt
438 646 835 724 Interpretes.
907 644 1069 705 Data
1114 652 1208 706 est
1247 619 1356 705 illa
1397 645 1660 726 epistola
1708 642 1919 725 Cypro
1963 665 1999 707 a

105 745 666 823 Crommyuacride
708 743 945 805 Idubus
986 745 1191 806 Jnmiis
1233 765 1290 805 a.
1335 744 1412 803 U.
1456 743 1527 804 C.
1572 746 1717 805 711.
1805 743 1903 803 In.
1923 765 1999 805 ea

104 846 356 909 Cassius
381 845 489 905 ille
522 843 812 904 Ciceroni
838 841 1187 927 granulatur
1229 846 1308 905 de
1336 843 1672 905 Mutinensi
1713 844 1999 920 victoria,

101 965 293 1026 quam
325 944 405 1003 ab
448 963 529 1003 eo
576 940 863 1003 effectam
905 963 1045 1005 esse
1072 944 1301 1004 blande
1328 939 1666 1024 significat,
1713 945 1884 1025 quod
1913 963 2000 1004 ex

103 1042 240 1126 ejus
272 1043 583 1103 sententia
609 1044 694 1103 M.
730 1042 1035 1103 Antonius
1065 1042 1262 1116 hostis
1286 1038 1594 1124 judicatus
1622 1041 1882 1117 fuisset,
1938 1048 2001 1104 et

101 1144 249 1204 inde
290 1143 525 1202 iterum
567 1142 860 1224 probari,
903 1146 1116 1223 togam
1159 1139 1294 1222 ejus
1323 1141 1609 1203 omnimn
1642 1143 1833 1202 armis
1860 1163 2000 1204 esse

101 1242 471 1303 feliciorem.
584 1241 830 1302 Deinde
884 1241 1160 1302 studiose
1216 1261 1285 1302 se
1356 1231 1417 1301 ei
1477 1243 1877 1302 commendat
1928 1262 2005 1317 εειο,4

102 1349 347 1423 sperat,
404 1341 573 1416 fore,
640 1347 714 1400 ut
757 1361 906 1402 eum
958 1339 1189 1400 habeat
1231 1345 1456 1400 testem
1499 1340 1596 1399 sui
1637 1339 1703 1401 in
1745 1361 2003 1423 rempu-

102 1443 334 1503 blicam
388 1441 618 1501 amoris
676 1446 738 1502 et
792 1438 1103 1501 factorum
1159 1457 1561 1519 praeconem.
1673 1439 1831 1500 Inde
1899 1462 2003 1502 res

102 1562 140 1602 a
182 1561 252 1602 se
293 1548 499 1623 gestas
544 1540 807 1620 exponit
849 1544 1217 1617 narratque,
1277 1557 1346 1598 se
1406 1557 1493 1599 ex
1539 1558 1652 1598 ora
1692 1540 2004 1601 maritima

101 1641 288 1702 Asiae
318 1639 680 1721 provinciae
712 1645 778 1699 et
826 1658 913 1699 ex
954 1637 1172 1699 insulis
1215 1657 1411 1699 naves
1456 1639 1769 1700 deducere
1813 1645 1875 1700 et
1902 1660 2002 1700 ar-

100 1759 278 1800 mare
342 1745 560 1800 eontra
624 1738 888 1799 classem
942 1737 1342 1814 Dolabellae,
1410 1757 1606 1818 seque
1663 1758 1809 1799 cum
1866 1741 2003 1800 Tu-

103 1838 292 1900 rullio
308 1883 328 1916 ,
395 1838 652 1899 alterius
710 1836 920 1899 classis
960 1834 1315 1918 praefecto,
1393 1834 1796 1920 conjunctum
1819 1872 1821 1874 ·
1842 1841 2004 1919 peti-

104 1939 268 2001 visse
313 1937 615 2019 Cyprum.
701 1935 1021 2016 Denique,
1068 1937 1381 1998 declarata
1425 1937 1616 1998 dubia
1658 1959 1731 1999 ae
1768 1938 2005 1999 difficili

8 2053 23 2061 ¹
102 2037 463 2100 Dolabellae
506 2036 864 2098 conditione
905 2041 970 2096 et
995 2038 1380 2098 enumeratis
1411 2036 1480 2097 C.
1522 2037 1720 2098 Cassii
1750 2037 2004 2099 Procos.

102 2137 302 2219 copiis
318 2182 339 2214 ,
397 2137 510 2218 qui
558 2136 918 2212 existimet,
962 2156 1031 2197 se
1073 2137 1212 2198 sine
1255 2137 1496 2218 proelio
1539 2137 1796 2199 vincere
1817 2158 2006 2219 posse

102 2237 495 2306 Dolabellam
552 2236 788 2318 quippe
845 2255 1133 2297 amionae
1190 2236 1446 2297 caritate
1500 2256 1573 2298 ae
1615 2236 1784 2298 fame
1825 2257 2006 2318 pres-

103 2358 280 2413 sum,
351 2336 727 2397 Ciceronem
780 2335 946 2396 bene
1003 2355 1255 2415 sperare
1301 2333 1479 2418 jubet
1528 2337 1607 2396 de
1667 2337 2006 2418 republica.

103 2435 245 2498 Jam
302 2437 383 2496 de
441 2436 686 2511 Cassi0‚
756 2454 795 2496 a
837 2456 967 2514 quo
1010 2434 1168 2495 haee
1212 2436 1442 2515 scripta
1488 2435 1752 2512 fuerint,
1808 2436 2004 2498 vehe-

103 2542 353 2596 menter
421 2534 779 2614 discrepant
848 2533 1148 2594 Virorum
1218 2534 1569 2595 Doctorum
1626 2536 2002 2611 sententiae3

104 2634 290 2714 quid,
350 2635 518 2713 quod
578 2632 894 2693 strothius
948 2633 1018 2692 in
1071 2632 1272 2715 Epist.
1317 2632 1548 2695 Select.
1592 2656 1658 2716 p.
1701 2633 1851 2695 453.
1897 2656 2007 2696 su-

104 2734 414 2814 spicatur,
467 2754 601 2794 non
641 2732 924 2793 Cassium
966 2735 1343 2813 quemdam,
1396 2735 1509 2795 sed
1551 2733 1621 2796 P.
1665 2732 2006 2795 Lentulum

105 2833 474 2914 Proquaest.
519 2851 656 2892 esse
701 2829 891 2914 hujus
942 2833 1242 2913 epistolae
1282 2840 1625 2895 auctorem.
1711 2832 1788 2894 At
1830 2834 2006 2894 nullo

106 2941 286 3013 pacto
374 2931 532 2992 haec
615 2932 925 2993 sententia
993 2931 1247 2992 defendi
1315 2938 1559 3014 potest,
1642 2939 1714 2993 ut
1787 2939 2007 3006 contra

108 3031 483 3107 Weiskium,
512 3027 907 3112 conjecturae
932 3030 1332 3093 StrothIanae
1357 3037 1718 3116 patronum,
1763 3032 1833 3092 in
1864 3031 2006 3095 Cla-

107 3148 258 3190 ror.·
289 3129 591 3191 Virorum
632 3129 923 3210 Epistolis
977 3151 1039 3210 p.
1087 3130 1259 3208 137„
1318 3150 1464 3192 cum
1505 3133 1880 3193 Benedictus
1925 3134 2005 3193 ad

106 3229 390 3290 Ciceroni.
436 3228 700 3310 Epistol.
747 3227 935 3289 Tem.
967 3228 1050 3288 Π.
1099 3251 1166 3310 p.
1194 3229 1341 3292 316.
1368 3252 1498 3311 sq„
1543 3238 1680 3293 tum
1711 3232 2004 3314 inprimis

105 3328 418 3394 subtiliter
488 3327 821 3389 Schiitzius
893 3329 1179 3408 probavit
1249 3330 1330 3392 ad
1401 3331 1723 3393 Ciceronis
1794 3330 2002 3412 Epist.

106 3435 300 3509 temp.
343 3427 482 3486 ord.
515 3428 846 3508 dispositas
893 3427 1082 3489 Tem.
1103 3427 1215 3491 VI.
1243 3451 1303 3511 p.
1333 3430 1477 3492 354.
1540 3430 1639 3490 Ibi
1673 3429 2007 3492 Schiitzius

105 3526 331 3601 refert,
399 3525 627 3602 fuisse,
687 3527 799 3606 qui
844 3546 984 3587 eam
1045 3527 1379 3610 epistolam
1426 3529 1636 3592 Cassio
1680 3528 2005 3591 Parmensi
2099 3548 2112 3562 *

0 3647 1 3650 ’
109 3626 555 3688 attribuerentz
626 3623 806 3708 cujus
863 3633 1074 3690 tamen
1144 3627 1460 3711 opinionis
1525 3627 2005 3690 fundamentum

1507 3729 1645 3790 19*
