2236 3932
258 137 384 197 322
841 159 919 198 nn
967 158 1191 198 CASSIO
1237 159 1317 198 ΡΑ
1327 158 1602 198 RMENSI.

435 291 753 354 Labienus
809 293 1030 372 spiritu
1083 298 1149 351 et
1203 291 1412 352 animo
1455 290 1846 375 Pompeiano
1890 295 2156 375 scripse-

260 398 359 451 rat
403 391 730 452 historiam
772 410 1028 450 suorum
1069 395 1458 470 temporum3
1504 412 1651 452 nam
1678 394 2157 473 praeteritorum

261 497 623 571 temporum
676 509 778 549 res
835 488 888 548 si
941 495 1297 550 enarrasset
1355 491 1638 570 quamvis
1695 512 1942 552 summa
2013 513 2157 554 cum

259 590 579 664 libertate,
638 587 856 648 dubito
914 607 1071 646 num
1128 584 1262 669 ejus
1306 587 1536 676 scripta
1577 590 1709 674 igni
1752 590 1958 652 deleta
1998 591 2157 651 fuis-

261 695 415 748 sent.
518 685 678 759 Eam
731 685 1106 747 sententiam
1155 684 1559 762 confirmant,
1635 702 1802 770 quae
1851 689 2022 750 idem
2066 688 2153 751 M.

263 786 503 846 Seneca
558 786 765 844 addite
833 783 1128 863 Memini,
1184 787 1386 866 inquit
1400 830 1419 863 ,
1485 787 1819 868 aliquando
1865 809 2010 850 cum
2052 809 2156 853 re-

262 886 481 945 citaret
535 883 889 961 historiam,
963 904 1257 967 magnam
1327 891 1578 967 partem
1646 887 2036 950 convolvisse
2093 894 2171 948 31

262 984 522 1044 dixisse:
568 982 812 1061 „haec,
858 1005 1024 1065 Quae
1051 995 1366 1059 transeo,
1432 994 1589 1066 post
1627 996 1900 1048 mortem
1940 1010 2158 1048 meam

259 1084 613 1160 legentur.“
698 1081 1055 1143 Combustis
1095 1104 1182 1144 ex
1220 1081 1488 1144 Senatus
1524 1085 1808 1146 consulto
1838 1083 1973 1169 ejus
2000 1087 2156 1146 scri-

258 1183 379 1262 ptis
420 1204 553 1242 non
595 1182 740 1242 tulit
780 1181 943 1242 hanc
986 1182 1430 1244 contumeliam
1447 1227 1467 1260 ,
1510 1202 1629 1244 nec
1671 1191 1986 1265 superstes
2022 1204 2157 1246 esse

258 1279 509 1364 ingenio
544 1282 946 1358 8110101311,
1011 1283 1123 1342 sed
1164 1282 1234 1368 in
1275 1289 1686 1343 monumenta
1729 1302 1799 1344 se
1840 1280 2156 1366 majorum

256 1399 534 1442 suorum,
573 1380 728 1442 ferri
779 1378 962 1464 jussit
1016 1388 1206 1462 atque
1247 1382 1337 1443 ita
1377 1382 1613 1443 includi
1626 1424 1645 1456 ‚
1702 1382 1943 1444 Veritus
1988 1383 2156 1444 80111-

258 1487 391 1555 331,
447 1500 528 1540 113
580 1480 771 1563 ignis,
823 1479 938 1561 qui
978 1481 1224 1542 nomini
1266 1501 1379 1542 suo
1423 1477 1739 1563 subjectus
1783 1488 1953 1558 erat,
2011 1500 2155 1543 cor-

258 1581 399 1660 pori
452 1586 809 1663 negaretur.
923 1579 978 1642 Ν
979 1601 1064 1642 011
1120 1579 1322 1644 finivit
1381 1586 1626 1642 tantum
1673 1598 1750 1642 -83
1806 1579 1976 1662 ipse,
2041 1581 2154 1643 sed

256 1679 450 1740 etiam
493 1679 810 1761 sepelivit,
871 1685 942 1740 ut
984 1680 1071 1741 ait
1110 1679 1199 1742 Μ.
1241 1679 1509 1742 Seneca.

426 1777 652 1840 Talem
692 1779 935 1857 virum,
981 1780 1238 1860 qualem
1280 1781 1358 1840 T.
1391 1778 1743 1841 Labienum
1772 1777 1964 1840 fuisse
1997 1778 2154 1839 scri·-

253 1879 491 1959 psimus
505 1923 524 1955 ,
599 1875 1104 1963 conjunctissime
1159 1876 1394 1940 vixisse
1444 1899 1589 1939 cum
1633 1879 1847 1940 Cassio
1891 1877 2152 1955 Severo,

255 1996 445 2038 nemo
487 1977 819 2040 mirabitur
860 1980 970 2062 qui
1012 1970 1372 2040 meminerit
1415 1997 1578 2059 quae
1606 1977 1786 2040 Plato
1826 1977 1896 2038 111
1925 1975 2152 2058 Symp.

256 2098 308 2138 0.
348 2078 444 2137 18.
489 2085 538 2151 ᾗ.
570 2079 633 2139 3.
679 2078 921 2140 scribit:
980 2080 1010 2140 ὁ
1061 2080 1302 2148 παλαιὸς
1337 2081 1495 2155 λόγος
1543 2073 1607 2137 εὖ
1655 2079 1794 2150 ἔχει·
1845 2075 1919 2146 ὡς
1958 2076 2154 2150 ὁμοῖον·

254 2174 430 2251 ὁμοίῳ
461 2172 548 2233 ἀεὶ
572 2177 821 2249 πελάζει.
906 2178 1184 2259 Uterque
1210 2199 1343 2239 non
1365 2176 1576 2259 potuit
1614 2177 1684 2238 in
1725 2196 1969 2237 summa
1994 2195 2150 2257 pace

253 2294 491 2356 ponere
533 2274 954 2361 Pompeianos
1009 2278 1292 2359 spiritus,
1348 2277 1683 2357 tenuitque
1727 2276 1944 2337 odium
1989 2275 2149 2336 Cae-

255 2374 532 2436 sarianae
592 2375 875 2437 factionis
930 2375 1395 2439 hereditarium.
1495 2374 1584 2435 M.
1632 2372 1876 2436 Seneca
1917 2372 2151 2434 Labie-

255 2495 407 2533 num
463 2474 610 2538 dicit
664 2478 893 2539 mentis
931 2498 1155 2558 rquam
1219 2476 1470 2559 linguae
1533 2473 1857 2536 amarioris
1926 2471 2150 2533 fuisse:

256 2579 321 2634 et
337 2619 356 2650 ,
415 2581 724 2653 quantum
767 2594 854 2638 ex
884 2578 1265 2659 scriptorum
1292 2582 1585 2638 veterum
1614 2571 1986 2635 testimoniis
2021 2571 2152 2633 col-

253 2674 359 2756 ligi
414 2674 591 2751 licet,
662 2675 923 2736 dubium
979 2696 1109 2737 non
1167 2681 1262 2736 est
1317 2675 1472 2756 quin
1512 2674 1762 2757 linguae
1806 2671 2148 2732 acerbitate

256 2780 321 2833 et
365 2771 691 2835 dicacitate
744 2777 945 2836 multo
1003 2775 1358 2857 promptior
1413 2772 1698 2834 Labieno
1754 2770 1944 2832 fuerit
2001 2770 2150 2830 Cas-

257 2873 384 2933 sius
443 2869 749 2948 seva-1153
825 2875 1036 2937 animo
1091 2881 1308 2936 autem
1345 2874 1416 2934 in
1460 2871 1861 2934 Caesarianos
1902 2867 2149 2930 infenso

254 2980 480 3033 neuter
520 2973 773 3035 videtur
815 2975 995 3035 alteri
1024 2973 1421 3036 concessisse.
1506 2971 1644 3031 Huc
1668 2968 1947 3051 pertinet
1975 2968 2148 3048 quod

254 3071 523 3153 legimus
563 3073 729 3153 apud
762 3072 1123 3153 Quintilian.
1152 3071 1202 3132 I.
1229 3071 1340 3132 Or.
1375 3070 1552 3131 Libr.
1578 3069 1688 3130 VI.
1734 3088 1788 3128 c.
1819 3069 1881 3128 3.
1927 3074 1977 3140 §.
2008 3069 2145 3128 79.=

254 3169 501 3247 „Elusit
544 3170 789 3231 Cassius
834 3169 1107 3234 Severus
1150 3167 1485 3254 objiciente
1530 3169 1838 3251 quodam,
1885 3167 2055 3246 quod
2087 3166 2147 3226 ei

256 3271 447 3332 domo
518 3290 647 3331 sua-
697 3268 1060 3353 Proculeius
1127 3270 1589 3343 interdixisset,
1670 3265 2146 3347 respondendo:

255 3369 594 3452 Numquid
646 3389 798 3446 ergo
843 3367 999 3428 illuc
1041 3370 1272 3430 accedo
1285 3363 1367 3429 ?“
1436 3369 1595 3429 Nam
1635 3362 1998 3447 Proculeius
2040 3364 2146 3423 ille

257 3467 390 3528 sine
445 3469 639 3530 dubio
696 3474 792 3528 est
834 3466 1216 3529 Maecenatis
1258 3489 1374 3549 per
1417 3467 1784 3529 Terentiam
1841 3463 2039 3526 affinis
2083 3468 2147 3521 et

251 3567 515 3649 Augusti
556 3568 822 3646 amicus,
867 3583 1057 3649 quem
1097 3573 1319 3628 notum
1362 3565 1607 3648 paterni
1648 3564 1713 3624 in
1755 3563 1981 3626 fratres
2009 3561 2145 3621 ani-
