2236 3932
717 193 818 238 nn·
844 193 907 241 ι..
934 193 1143 239 vAmo
1187 194 1430 237 roma.
1925 175 2014 236 89

120 341 312 416 atque
353 333 882 413 erubescendam,
925 332 1031 395 hic
1068 352 1186 414 per
1224 336 1438 413 partes
1475 329 1684 392 eundo
1728 337 2014 394 accurate

117 420 618 516 pertractandam
658 433 852 509 duco,
901 438 1004 509 ut,
1061 431 1216 513 quid
1257 436 1693 511 quantumque
1734 432 1873 492 veri
1914 431 2016 491 in-

118 534 200 595 sit
211 579 232 611 ‚
274 539 574 614 patescat.
660 531 900 606 Quodsi
940 531 1087 592 inde
1116 529 1365 614 Virgilii
1402 530 1704 611 Variique
1732 530 1899 592 vitae
1941 551 2015 592 ac

115 633 402 710 moribus
458 630 742 690 maculae
809 631 963 709 quid
1019 631 1458 713 adspergatur,
1531 650 1668 690 -non
1724 629 1871 690 ideo
1913 629 2018 689 fu-

116 731 342 814 gienda
397 737 493 791 est
549 749 624 790 ea
682 730 1000 809 quaestio,
1058 750 1180 792 nec
1231 730 1734 812 pertimescenda
1748 772 1766 804 ‚
1823 748 2019 810 quam
2061 722 2066 727 ⁴

116 830 302 890 unice
354 828 807 910 investigamus
825 872 844 903 ‚
887 830 1123 891 veritas
1139 874 1160 906 ,
1215 829 1504 910 quamvis
1545 827 1789 912 ingrata
1830 829 2017 889 nobis

116 929 199 989 sit
235 934 308 988 et
349 949 388 989 a
427 934 647 988 nostra
690 929 1000 989 sentiendi
1029 930 1276 990 ratione
1300 928 1486 1012 longe
1507 928 1813 989 discedat.
1858 927 2019 988 Nam

115 1026 397 1108 profecto
456 1027 568 1108 qui
624 1024 936 1110 ejusmodi
993 1049 1099 1090 res
1158 1048 1196 1089 a
1255 1026 1692 1089 Grammaticis
1708 1060 1720 1071 ·
1735 1027 2020 1087 '··tra‹litas

114 1125 468 1194 fastidiose,
508 1135 817 1208 spermmt
831 1172 849 1205 ,
922 1134 986 1189 et
1054 1125 1274 1210 judicii
1345 1128 1630 1206 quadam
1670 1127 2021 1190 -severitate

114 1226 328 1287 nescio
390 1227 594 1287 dicam
649 1247 727 1288 an
770 1228 1026 1290 levitate
1081 1246 1202 1308 pro
1243 1226 1438 1286 meris
1481 1217 1813 1286 hominu'm
1853 1219 2023 1288 male
2132 1304 2137 1314 k

101 1324 487 1387 feriatorum
545 1327 804 1388 somniis
872 1327 1187 1408 nugisque
1252 1324 1522 1399 habent,
1594 1323 1689 1385 illi
1746 1326 2022 1403 videant,

115 1426 274 1506 quid
314 1428 573 1487 tandem
610 1426 720 1485 fiat
761 1425 962 1487 veteri
1001 1423 1322 1484 historiae.
1411 1422 1647 1483 Contra
1688 1422 1810 1485 hoc
1839 1425 2024 1487 Viro-

114 1545 281 1584 nmr
325 1526 745 1605 quorumdam
801 1524 1149 1584 Doctorum
1213 1521 1538 1584 fastidium
1597 1542 1743 1583 ‘non
1811 1525 2023 1585 minus

116 1624 363 1685 erudite
420 1643 611 1704 quam
664 1623 875 1683 sobrie
903 1665 907 1678 .
931 1622 1274 1702 disputavit
1328 1621 1445 1683 Fr..
1473 1621 1546 1683 A.
1581 1621 1659 1686 G.
1701 1621 2024 1704 Spohnius

113 1722 181 1782 in
220 1721 694 1805 Prolegomenis
738 1723 817 1782 ad
845 1722 1142 1783 Bucolica
1169 1720 1421 1804 Virgilii
1462 1744 1525 1803 p.
1560 1723 1665 1784 24.
1712 1721 1793 1782 Τ.
1823 1721 1876 1783 Ι.
1918 1723 2022 1783 ed.

113 1820 412 1904 W'agner.
509 1821 718 1902 Atque
773 1818 958 1904 hujus
1013 1821 1204 1882 amici
1254 1822 1574 1902 quondam
1628 1821 1757 1883 mei
1800 1816 2025 1884 exem-

113 1921 293 2003 plum
332 1927 580 1983 secutus
630 1922 868 1983 cavebo
883 1965 903 1999 ,
947 1940 1031 1982 ne
1072 1922 1192 1982 hac
1234 1921 1303 1982 in
1344 1943 1416 1984 re
1458 1922 1859 2003 exploranda
1890 1943 2025 1984 non

114 2007 247 2082 tam
275 2041 494 2083 veram
522 2021 911 2102 antiquitatis
943 2021 1227 2102 indolem
1254 2022 1609 2103 explicasse
1622 2065 1643 2099 ,
1688 2041 1880 2103 quam
1919 2022 2023 2082 in-
2099 2015 2101 2017 ’
2187 2107 2204 2115 ‚

114 2122 284 2206 genii
309 2122 439 2183 mei
466 2119 762 2205 figmenta
786 2122 1306 2202 opinationesque
1330 2121 1667 2202 protulisse
1701 2115 2023 2205 coarguar.

284 2221 430 2285 Jam
493 2222 774 2302 primum
828 2222 1101 2282 dubitari
1156 2221 1382 2302 nequit
1439 2221 1596 2302 quin
1655 2223 1823 2303 apud
1868 2221 2025 2283 Ser·-

114 2322 291 2384 vium
348 2340 424 2383 ac
470 2320 793 2395 Donatum
847 2321 928 2384 ‹le
982 2320 1061 2382 L.
1102 2319 1296 2383 Vario
1339 2321 1534 2382 Poeta
1577 2341 1790 2384 sermo
1834 2321 1914 2382 sit
1927 2321 2022 2401 ⁷³).

115 2421 244 2483 Nec
259 2421 457 2505 magis
482 2421 844 2504 ambiguum
862 2421 1156 2502 cuiquam
1182 2421 1616 2502 incertumque
1644 2428 1781 2483 esse
1794 2427 2022 2502 potest,

115 2529 335 2583 utrum
374 2521 469 2581 illi
509 2540 702 2581 unam
746 2522 1167 2602 eamdemque
1223 2520 1524 2583 feminam
1565 2521 2020 2600 intellexerint,

115 2642 236 2683 nec
274 2640 380 2683 ne.
467 2619 746 2701 Uterque
789 2626 1244 2681 commemorat
1284 2640 1557 2682 uxorem
1599 2620 1807 2683 Varii:
1867 2619 2022 2683 Ser-

115 2720 256 2784 vius
298 2740 443 2781 eam
483 2720 634 2781 dicit
674 2720 869 2782 fuisse
895 2716 1404 2781 litteratissimam
1416 2764 1437 2799 ,
1483 2721 1598 2782 sed
1625 2717 1762 2803 ejus
1785 2741 2021 2782 nomen

115 2821 374 2897 reticet3
445 2840 484 2882 a
537 2820 788 2883 Donato
862 2820 1216 2902 appellatur
1268 2818 1485 2882 Plotia
1539 2819 1799 2885 Hieria.
1894 2820 2021 2883 Pro

115 2919 352 2982 Ht’eria
406 2921 561 2983 olim
617 2941 655 2982 a
708 2920 969 2982 Daniele
1028 2920 1271 2981 editum
1327 2925 1461 2981 erat
1514 2918 1750 2982 Aleria
1765 2943 1786 2981 .-
1857 2939 2021 3001 quae

115 3021 390 3082 nominis
433 3021 738 3102 scriptura
779 3021 983 3083 videri
1025 3026 1233 3103 potest
1291 3019 1566 3101 aliquam
1609 3019 2021 3082 commenda-

116 3119 354 3182 tionem
395 3120 632 3184 habere
674 3141 712 3184 a
754 3120 983 3185 Servio
1038 3121 1122 3184 ad
1162 3117 1411 3205 Virgilii
1449 3118 1669 3205 Eclog.
1695 3118 1781 3180 Π.
1824 3139 1885 3181 v.
1917 3116 2017 3180 15.

261 3353 352 3405 73)
399 3344 458 3397 In
506 3346 672 3399 eadem
718 3350 952 3402 sententia
998 3353 1141 3402 ctiam
1187 3359 1262 3403 est
1298 3349 1442 3403 Ever.
1481 3348 1600 3400 Otto
1637 3346 1698 3398 cle
1734 3344 1792 3399 P.
1830 3342 2018 3397 Alfeno

119 3413 255 3468 Varo
299 3417 403 3469 leto
450 3418 569 3484 Cap.
604 3420 700 3472 Ill.
749 3424 794 3485 §.
830 3427 883 3474 5.
931 3425 980 3472 in
1027 3421 1261 3476 The-aur.
1314 3422 1422 3475 Jur.
1474 3421 1616 3473 Rom.
1664 3418 1810 3471 Tom.
1843 3416 1912 3469 V.
1963 3436 2015 3482 p.

122 3494 274 3542 16⁴6.
303 3509 377 3554 sq.
449 3489 502 3542 Ιι
537 3510 645 3542 cnm
679 3495 827 3544 multa
864 3495 987 3560 alia,
1040 3512 1162 3559 quae
1196 3505 1412 3559 apertum
1447 3504 1521 3544 est
1558 3492 1623 3543 L.
1659 3488 1804 3542 Varii
1841 3488 2018 3541 Poetae

119 3575 253 3618 cue,
317 3580 404 3613 nno
452 3564 633 3616 Alfeno
677 3565 964 3617 vindicatum
1013 3568 1181 3631 iverit;
1242 3569 1382 3617 istius
1430 3575 1588 3616 tamen
1645 3562 2017 3615 litteratissimae

119 3632 360 3685 annm
394 3638 616 3687 maritum
650 3646 871 3703 poclm,
916 3637 983 3690 do
1016 3656 1112 3705 quo
1144 3640 1364 3704 agimus,
1412 3638 1561 3689 suino
1590 3634 1824 3690 concedit.
