2236 3932
184 145 306 210 102
766 167 849 208 nn
895 168 954 209 ι.
996 168 1205 210 νΑιιιο
1251 168 1492 211 POETA.

351 299 508 361 Mihi
533 322 662 363 non
691 301 953 364 dubium
986 310 1085 365 est
1116 301 1269 383 quin
1291 300 1356 363 h.
1372 303 1416 364 l.
1441 301 1690 367 Varius
1715 325 1832 386 pro
1855 305 2079 369 Varus

180 398 587 461 scribendum
630 407 696 462 et
738 402 818 461 de
859 400 941 461 L.
985 402 1172 463 Vario
1217 402 1620 485 cogitandum
1661 402 1762 463 sit.
1860 403 2078 485 Neque

98 567 101 571 r
178 518 440 580 possum
482 500 781 560 accedere
823 498 882 561 J.
910 500 989 558 H.
1023 498 1236 560 Vossii
1277 501 1654 579 sententiae,
1712 502 2079 582 suspicantis

179 598 261 658 ad
303 596 522 680 Virgil.
551 596 685 657 Ecl.
710 596 821 656 VI.
865 618 924 658 v.
957 598 1019 658 6.
1063 618 1128 678 p.
1161 599 1310 660 292.
1354 599 1688 683 significari
1727 599 1831 660 hic
1874 621 1910 662 a
1934 601 2082 660 Phi-

179 696 453 779 largyrio
482 695 750 756 Lucium
778 692 1018 754 Varum
1031 739 1052 772 ,
1095 694 1511 777 Epicureum,
1554 704 1876 781 tamquam
1907 721 2083 761 com-

179 801 597 857 mentatorem
639 791 908 873 Virgilii.
996 795 1172 871 Quae
1217 793 1571 878 conjectura
1582 841 1604 876 ‚
1647 819 1731 859 ne
1755 799 1908 880 quid
1938 819 2084 882 gra-

180 895 322 958 vius
364 894 600 967 dicam,
639 890 983 952 vanissima
1014 899 1142 955 est.
1232 895 1386 972 Quis
1430 896 1602 957 enim
1645 904 1773 976 est,
1819 898 1975 979 quin
2015 897 2085 958 in

179 993 305 1053 illis
359 989 572 1054 verbis
631 989 922 1052 dictionis
965 993 1250 1072 poeticae
1294 995 1577 1056 colorem
1618 998 1964 1077 quemdam
2008 1017 2082 1063 ac

180 1109 518 1151 numerum
577 1088 784 1150 inesse
841 1087 1114 1153 sentiat?
1185 1092 1533 1155 Verissime
1591 1093 1961 1178 Rutgersius
2014 1094 2086 1154 in

179 1189 332 1251 Var.
373 1187 669 1250 Lection.
706 1186 887 1248 Libr.
920 1188 1026 1250 VI.
1070 1211 1126 1252 c.
1161 1191 1262 1253 15.
1305 1214 1370 1274 p.
1403 1191 1550 1254 549.
1603 1192 1714 1255 illa
1765 1195 1964 1256 verba
2004 1192 2087 1255 ad

180 1289 569 1371 Anapaestos
611 1288 937 1351 revocavit
976 1289 1063 1351 ita
1105 1292 1419 1354 scribens:

778 1387 868 1448 Et
890 1389 1303 1469 frondosam

785 1486 1267 1570 Semiputatam

699 1623 732 1640 μ
790 1585 1099 1666 Queritur
1140 1588 1363 1652 vitem.

184 1685 320 1748 Hoc
344 1683 783 1769 fragmentum,
827 1687 1001 1766 quod
1024 1708 1187 1749 unus
1213 1688 1724 1753 Almeloveenius
1751 1688 1820 1750 in
1843 1688 2092 1774 Fragm.

184 1792 342 1849 vett.
385 1784 559 1866 poet.
601 1806 666 1866 p.
699 1785 842 1844 181.
885 1786 1004 1846 sub
1054 1786 1128 1849 V
1118 1786 1231 1848 ανί
1270 1785 1599 1870 cujusdam
1638 1789 1900 1850 nomine
1925 1795 2095 1849 attu-

184 1885 290 1962 lit,
363 1883 524 1944 nihil
595 1883 894 1964 equidem
969 1885 1250 1949 dubitavi
1317 1886 1560 1949 referre
1628 1890 1709 1950 ad
1780 1887 1858 1950 L.
1914 1886 2094 1952 Varii

185 1983 568 2063 Thyestem,
609 1984 1147 2065 *quandoquidem
1199 1986 1321 2047 alia
1378 1987 1592 2050 melici
1649 1987 1900 2072 generis
1953 2006 2096 2048 car-

186 2083 394 2162 mina,
450 2083 573 2144 nisi
615 2102 776 2164 quae
817 2083 886 2144 in
927 2083 1033 2146 illa
1073 2086 1399 2169 tragoedia
1442 2094 1689 2167 essent,
1747 2087 1972 2170 scripta
2013 2087 2093 2148 ab

151 2226 153 2229 -
188 2202 269 2245 eo
311 2202 449 2244 esse
490 2203 624 2244 non
666 2189 932 2245 constat.

1041 2365 1094 2432 §.
1142 2358 1243 2422 17..

359 2481 617 2546 Praeter
671 2485 1024 2564 Thyestem
1079 2485 1435 2549 celebratur
1488 2486 1660 2550 Varii
1715 2504 1971 2548 carmen
2020 2484 2099 2550 de

190 2586 441 2659 Morte,
483 2603 571 2645 ex
613 2606 741 2666 quo
765 2584 1103 2670 Virgilium
1144 2587 1449 2670 plurimos
1490 2607 1711 2650 versus
1737 2592 2098 2648 mutuatum

194 2684 454 2745 suismet
514 2685 892 2746 carminibus
935 2687 1043 2749 vel
1095 2687 1375 2771 integros
1417 2686 1522 2750 vel
1562 2687 1787 2750 leviter
1825 2690 2098 2747 mutatos

193 2783 533 2845 inseruisse
606 2789 934 2847 attestatur
1003 2785 1363 2849 Macrobius
1434 2786 1689 2848 Saturn.
1746 2783 1927 2845 Libr.
1982 2782 2098 2845 VI.

196 2903 253 2945 c.
289 2883 346 2944 1.
391 2890 456 2944 et
500 2884 561 2944 2.
648 2883 932 2947 Permira
972 2906 1123 2947 sane
1166 2892 1263 2947 est
1302 2882 1495 2968 hujus
1541 2884 1833 2947 carminis
1871 2882 2100 2944 inscri-

194 2982 330 3064 ptio
344 3025 365 3060 ‚
439 3002 565 3063 qua
621 2982 905 3062 Heynius
961 2991 1287 3067 tantopere
1328 2983 1606 3048 offensus
1650 2991 1779 3062 est,
1846 3004 1988 3045 eam
2028 2987 2100 3042 ut

197 3087 557 3162 corruptam
600 3101 739 3143 esse
783 3083 1021 3146 diceret
1063 3086 1142 3146 ad
1165 3085 1398 3147 Donati
1426 3085 1554 3146 Vit.
1581 3083 1796 3169 Virgil.
1840 3104 1897 3145 c.
1924 3079 2101 3143 XIV.

198 3189 248 3254 §.
280 3178 384 3240 53.
470 3181 558 3241 At
599 3202 819 3243 omnes
834 3226 855 3259 ,
901 3189 1208 3265 quotquot
1236 3185 1444 3246 adhuc
1474 3185 1920 3262 innotuerunt,
1963 3181 2102 3243 Ma-

199 3281 404 3341 crobii
461 3281 725 3343 Codices
781 3302 922 3342 eam
964 3284 1247 3344 unanimi
1305 3305 1614 3347 consensu
1654 3289 1935 3344 tuentur.
2019 3278 2103 3340 Et

199 3387 504 3459 quantum
549 3402 637 3444 ex
669 3381 894 3465 ‘paucis
910 3424 931 3459 ‚
989 3402 1157 3463 quae
1198 3390 1573 3467 supersunt,
1632 3381 1771 3466 ejus
1815 3378 2102 3444 carminis

198 3477 565 3563 fragmentis
620 3481 915 3566 colligere
969 3481 1151 3560 licet,
1207 3484 1568 3565 verisimilis
1619 3483 1965 3545 admodum
2007 3482 2103 3538 est

199 3575 256 3639 J.
297 3579 375 3639 H.
418 3580 627 3642 Vossii
670 3582 751 3641 ad
777 3579 1024 3664 Virgilii
1065 3579 1199 3642 Ecl.
1224 3581 1339 3644 IX.
1382 3605 1446 3646 v.
1477 3581 1582 3644 35.
1624 3599 1689 3664 p.
1711 3579 1857 3644 475.
1902 3578 1982 3640 cl.
2022 3577 2102 3638 ad
