2236 3932
256 149 381 209 248
837 168 917 207 nn
965 167 1188 207 GAssio
1234 166 1602 206 rAmuENsr.

259 303 551 384 ponimus
570 347 588 379 ,
635 303 920 364 Cassium
962 303 1367 361 Pal-mensem
1409 300 1476 359 in
1509 300 1722 361 Sicilia
1748 301 1942 362 fidum
1974 323 2153 363 man-
2195 330 2199 332 ¹

259 404 413 472 sisse
467 403 617 465 belli
660 422 1106 481 armorumque
1150 399 1391 460 socium
1434 398 1613 460 Sext.
1659 401 1942 485 Pompeii
1986 402 2154 485 ejus·-

259 523 384 586 que
427 503 616 562 rebus
660 501 749 559 ibi
790 500 1002 560 fractis
1046 491 1344 560 comitem
1385 498 1570 581 fugae
1602 501 1668 558 in
1698 501 1907 561 Asiam
1936 503 2151 564 fnisse.

262 602 528 667 Coactus
585 600 778 681 igitur
839 597 1021 658 Sext.
1081 596 1370 681 Pompeii
1426 600 1778 684 temeritate
1823 608 1884 661 et
1925 603 2155 663 invitus

262 724 406 761 cum
435 700 568 759 aliis
598 697 1000 757 nobilissimis
1015 697 1522 758 Triumvirorum
1550 701 1941 777 adversariis9
1971 708 2154 782 pacta

259 801 415 875 fide,
461 800 542 858 ad
583 798 669 856 Μ.
713 795 1052 856 Antonium
1093 797 1455 872 transierat,
1523 795 1695 880 cujus
1736 801 1990 861 veniam
2033 801 2154 861 hoc

259 898 501 957 facilius
543 897 952 976 impetrabat,
1025 915 1152 979 (suo
1210 896 1406 978 magis
1452 897 1794 958 discordiae
1838 906 1902 959 et
1943 899 2156 958 inimi-

262 997 443 1057 citiae
501 995 670 1055 inter
725 994 1074 1055 Antonium
1135 999 1197 1054 et
1241 994 1568 1055 Caesarem
1613 994 2031 1059 Octaviamnn
2075 1001 2153 1059 ab

259 1096 472 1175 aliquo
513 1095 660 1155 inde
703 1101 990 1178 tempore
1049 1094 1310 1176 agitatae
1353 1114 1635 1156 crescere
1692 1102 1758 1155 et
1799 1099 1995 1158 semel
2037 1099 2156 1159 ite-

258 1213 533 1274 rumque
595 1195 675 1254 ad
731 1194 970 1253 bellum
1029 1198 1313 1272 spectare
1376 1200 1729 1273 coeperant.
1830 1195 2159 1259 Defecerat

259 1299 475 1354 autem
518 1293 596 1353 ad
639 1293 725 1352 M.
772 1292 1119 1353 Antonium
1161 1312 1325 1353 anno
1369 1293 1444 1353 U.
1488 1294 1554 1353 C.
1586 1295 1733 1354 719.

429 1392 573 1453 Jam
629 1394 707 1452 ab
763 1392 886 1452 hoc
942 1393 1093 1452 inde
1150 1397 1439 1472 tempore
1498 1391 1746 1454 Cassius
1799 1394 2156 1457 Parmensis

261 1494 329 1553 in
381 1492 469 1552 M.
520 1491 779 1575 Antonii
838 1491 1139 1552 comitatu
1181 1489 1374 1554 fuisse
1415 1492 1696 1570 videtur,
1757 1501 2032 1556 remotus
2076 1497 2154 1556 ab

261 1593 467 1669 Urbe,
540 1597 609 1651 ut
663 1596 835 1651 tutus
894 1596 1060 1651 esset
1129 1590 1207 1650 ab
1265 1590 1360 1651 ira
1417 1597 1483 1652 et
1544 1591 1819 1654 vindicta
1876 1594 2158 1655 Caesaris

264 1689 629 1765 Octaviani3
685 1710 897 1770 neque
942 1710 979 1750 a
1019 1711 1175 1752 vero
1219 1690 1550 1767 abhorret,
1610 1682 1791 1768 eum,
1844 1694 1954 1774 qui
1998 1700 2159 1755 esset

262 1790 659 1852 aversissimo
703 1790 780 1849 ab
824 1789 934 1850 illo
979 1790 1188 1850 animo
1204 1834 1224 1867 ,
1287 1790 1663 1851 discordiam
1704 1791 1871 1852 inter
1913 1800 2160 1854 utrum-

263 1911 390 1971 que
421 1889 857 1952 Triumvirum
901 1888 1145 1971 scriptis
1187 1888 1503 1972 minisque
1547 1891 1880 1955 conflatam
1910 1893 2160 1953 auxisse

260 1989 466 2070 potius
525 1997 638 2049 su'a
695 2007 889 2070 opera
944 2009 1137 2068 quam
1208 1989 1479 2048 sedasse.
1595 1990 1759 2055 Num
1806 2013 1925 2073 per
1965 1992 2161 2053 hocce

262 2093 516 2169 tempus
574 2072 839 2167 imperio
899 2087 1100 2149 aliove
1157 2106 1424 2150 munere
1465 2089 1722 2161 militari
1763 2090 2016 2156 functus
2060 2093 2157 2170 sit,

263 2188 354 2248 uti
396 2208 433 2250 a
474 2187 648 2249 nullo
693 2187 997 2268 scriptore
1039 2187 1334 2247 traditum
1374 2189 1725 2269 reperitur,
1783 2189 1869 2251 ita
1910 2211 1991 2250 ne
2023 2192 2160 2253 veri

264 2287 522 2367 quidem
567 2286 771 2347 simile
814 2292 906 2346 est
921 2286 1016 2365 3⁵).
1102 2286 1189 2345 M.
1223 2287 1479 2348 Antonii
1521 2289 1735 2349 amicis
1780 2296 1844 2351 et
1870 2291 2157 2352 satellitio

263 2387 648 2467 adscriptus,
708 2386 1055 2445 maximam
1111 2392 1362 2466 partem
1408 2387 1832 2450 Alexandriae
1877 2409 2195 2469 commo-³

264 2491 434 2546 ratus
493 2491 556 2546 et
619 2486 748 2547 otio
817 2485 1166 2565 litterisque
1221 2485 1462 2547 vixisse
1521 2487 1974 2549 existimandus
2044 2496 2160 2551 est.

269 2583 431 2644 Cum
473 2590 684 2645 autem
726 2585 964 2645 bellum
1007 2585 1326 2671 utrimque
1368 2591 1726 2666 pararetur,
1783 2587 1870 2648 M.
1900 2589 2159 2650 Antonii

271 2690 469 2746 castra
493 2691 740 2745 secutus
785 2690 881 2744 est
924 2690 985 2744 et
1026 2704 1275 2766 pugnae
1320 2685 1401 2744 ad
1442 2685 1696 2746 Actium
1741 2688 1801 2747 d.
1845 2687 1956 2748 IV.
1999 2688 2160 2750 Non.

269 2781 632 2865 Septembr.
667 2803 721 2843 a.
746 2784 819 2842 U.
837 2783 904 2843 C.
921 2787 961 2843 7
966 2785 1068 2844 23.
1105 2783 1475 2844 commissae
1502 2785 1800 2862 interfuit,
1845 2793 2008 2847 teste
2031 2787 2160 2848 Va-

267 2883 424 2944 lerio
477 2882 760 2943 Maximo
818 2882 997 2943 Libr.
1027 2883 1079 2943 I.
1126 2903 1182 2944 c.
1212 2886 1273 2944 7.
1316 2904 1382 2943 n.
1428 2887 1522 2943 7.:
1580 2883 1838 2966 „Apud
1892 2885 2162 2948 Accium

270 2984 365 3046 M.
392 2979 676 3045 Antonii
693 2981 951 3065 fractis
994 2981 1253 3064 opibus,
1305 2981 1568 3044 Cassius
1599 2984 2005 3061 Parmensi-s,
2050 2985 2166 3074 qui

180 3299 182 3301 >
271 3267 413 3315 illuin
449 3264 677 3327 perfidiae
718 3273 766 3313 et
800 3266 969 3328 ingrati
1006 3267 1147 3315 animi
1183 3277 1369 3317 accusat
1405 3271 1454 3317 in
1489 3266 1626 3319 Sext.
1663 3268 1971 3333 Pompeium,
2021 3289 2160 3334 quem

273 3337 718 3400 Miletijugulavit.
753 3336 850 3385 vid.
890 3336 1117 3399 Velleius
1156 3336 1259 3388 Pat.
1297 3340 1434 3390 Libr.
1457 3338 1523 3391 II.
1563 3359 1603 3391 c.
1628 3347 1715 3392 79.
1753 3344 1796 3406 §.
1830 3349 1881 3393 3.
1919 3351 1967 3391 et
1999 3340 2158 3404 Intpp.

188 3433 189 3436 ¹
275 3407 339 3457 ad
372 3408 528 3458 Taciti
563 3406 745 3457 Annal.
781 3405 997 3458 Libr.1.
1033 3417 1159 3460 c.2.

420 3482 511 3539 35)
558 3478 862 3528 Drumannus
911 3480 961 3526 in
1011 3477 1198 3531 Histor.
1250 3479 1392 3532 Rom.
1430 3480 1567 3531 Tom.
1597 3479 1664 3532 II.
1715 3502 1765 3545 p.
1798 3490 1916 3534 163.
1954 3484 2160 3532 nominat

276 3546 497 3601 Cassium
527 3546 831 3599 Pax-mensem
863 3547 939 3599 M.
972 3546 1174 3601 Antonii
1208 3553 1450 3616 leg-atum.
1486 3572 1577 3616 qua
1616 3557 1906 3616 auctoritate,
1943 3556 2121 3603 nescio.
