2236 3932
849 213 1188 258 excussus
1235 215 1300 256 v.
1906 193 2029 256 167

128 348 639 431 chronologicum
681 370 896 411 rerum
938 351 1232 412 ordinem
1271 347 1601 432 adstringi!
1646 348 1841 410 Recte
1885 349 2027 432 qui·

127 449 270 507 dem
318 445 677 508 Schmidius
737 451 932 510 verba
969 450 1258 511 Suetonii
1296 449 1363 510 in
1410 448 1531 509 vit.
1573 448 1791 510 Horat.
1837 448 2024 511 Tom.

124 546 236 605 Ill.
283 569 345 626 p.
392 545 497 607 50.
551 546 679 606 Wf.
736 557 886 628 post
940 570 1266 610 sermones
1324 550 1518 610 lectos
1572 547 1891 629 quosdam
1945 549 2024 609 de

124 645 366 704 Horatii
408 645 708 726 Epistolis
741 645 921 706 Libri
941 647 994 708 I.
1039 650 1292 731 accipit,
1334 648 1403 709 in
1444 648 1673 730 quibus
1709 668 1852 707 eum
1880 648 2026 707 nul-

125 746 249 803 lam
292 744 390 803 sui
430 745 821 806 mentionem
862 745 1090 808 factam
1130 748 1469 811 invenisset
1509 747 1825 830 Augustus
1840 791 1859 824 ,
1903 747 2026 808 hoc

123 862 377 905 carmen
433 846 819 926 expresserit
862 847 1097 908 Poetae
1146 848 1465 909 Venusino
1481 868 1510 921 3>
1562 848 1677 908 sed
1719 846 1778 907 ei
1819 847 2025 908 incre-

123 942 317 1003 dibile
383 945 673 1021 videtur,
765 946 1096 1008 Horatium
1178 947 1484 1019 decennio
1555 953 1695 1029 post
1766 947 2026 1008 demum
2062 1021 2076 1041 Ι

122 1040 377 1125 Augusti
419 1045 712 1125 precibus
755 1047 903 1108 satis
944 1046 1186 1108 fecisse.
1270 1049 1353 1108 At
1379 1045 1577 1107 Liber
1602 1045 2026 1128 Epistolarum

122 1142 374 1222 primus
423 1165 585 1220 nou,
660 1153 733 1206 ut
791 1146 1150 1207 Schmidius
1210 1146 1355 1207 Vol.
1397 1145 1448 1205 I.
1493 1167 1558 1226 p.
1592 1143 1741 1206 451.
1787 1152 2022 1224 censet,

120 1262 283 1302 anno
311 1243 384 1303 U.
415 1243 483 1304 C.
519 1245 663 1305 734.
707 1251 984 1306 exeunte
1025 1251 1134 1306 aut
1175 1245 1434 1306 ineunte
1476 1264 1640 1305 anuo
1668 1247 1742 1306 U.
1775 1245 1845 1307 C.
1876 1245 2023 1307 735.

120 1343 267 1419 sed,
326 1349 396 1404 ut
438 1344 588 1404 alias
645 1345 984 1425 probatum
1025 1343 1133 1405 ibo
1150 1387 1171 1420 ,
1238 1344 1405 1404 circa
1445 1343 1695 1404 initium
1751 1345 1902 1405 anni
1945 1344 2020 1406 U.

121 1443 190 1502 G.
239 1445 384 1503 738.
446 1445 652 1504 editus
706 1451 824 1505 est.
922 1443 1170 1503 Deinde
1223 1463 1355 1504 non
1410 1442 1466 1502 is
1522 1449 1660 1503 erat
1701 1442 2014 1519 HoratiuS,

120 1543 230 1623 qui
287 1544 635 1623 potentium
690 1543 984 1624 precibus
1038 1541 1226 1603 facile
1281 1542 1772 1618 obsecundaret,
1839 1562 2023 1623 prae-

118 1643 336 1703 sertim
393 1662 591 1722 quum
645 1663 843 1723 pauca
898 1647 962 1702 et
1015 1661 1161 1703 raro
1220 1642 1498 1703 scribere
1542 1642 1773 1703 soleret
1815 1648 1878 1702 et
1918 1643 2025 1702 vel

117 1734 613 1803 familiarissimis
667 1742 796 1802 suis
853 1741 1133 1802 carmina
1189 1740 1554 1826 rogantibus
1616 1741 1768 1802 satis
1810 1740 2022 1802 facere

117 1861 466 1922 numquam
494 1864 625 1902 non
653 1848 1041 1924 gravaretur.
1115 1842 1407 1923 Denique
1436 1842 1607 1902 haud
1635 1841 1769 1901 sine
1795 1855 2023 1923 magna

117 1941 252 2004 veri
278 1942 487 2022 specie
518 1941 847 2003 Massonus
889 1939 1079 2025 hujus
1109 1940 1424 2024 Epistolae
1451 1962 1673 2004 versus
1707 1940 1851 2000 132.
1875 1960 2020 2021 sqq.

118 2042 198 2103 ad
242 2040 509 2102 Carmen
554 2040 926 2118 Saeculare‚
970 2049 1039 2103 et
1081 2063 1302 2105 versus
1342 2040 1491 2103 252.
1522 2062 1616 2122 sq.
1662 2040 1743 2100 ad
1785 2039 2022 2101 bellum

118 2141 442 2203 Raeticum
501 2140 713 2202 refert.
811 2142 923 2202 llis
965 2142 1312 2203 rationibus
1366 2142 1679 2218 adducor,
1738 2146 1813 2200 ut
1851 2138 2023 2201 Mas-

115 2263 346 2303 sonum
401 2241 471 2301 in
526 2239 881 2303 definiendo
935 2248 1255 2325 tempore,
1329 2263 1459 2324 quo
1501 2238 2024 2323 praestantissima

115 2342 223 2402 illa
278 2340 562 2423 Epistola
615 2341 845 2421 scripta
905 2341 1019 2419 sit,
1092 2363 1320 2405 verum
1375 2341 1609 2404 vidisse
1654 2339 1907 2401 credam
1950 2358 2023 2399 ac

117 2448 490 2524 pet-negem,
536 2461 898 2502 sermonem
938 2442 1010 2503 in
1051 2462 1127 2503 ea
1169 2461 1307 2503 esse
1337 2442 1417 2502 de
1444 2439 1708 2523 Virgilio
1735 2444 1801 2500 et
1829 2436 2024 2500 Vario

116 2549 439 2621 tamquam
463 2539 623 2601 vivis
651 2541 859 2601 adhuc
881 2539 1381 2623 florentibusque
1410 2539 1631 2622 poetiS,
1674 2544 1745 2598 ut
1773 2536 2024 2599 Schmi-

116 2641 256 2700 dius
301 2639 611 2722 opinatur.
703 2638 778 2700 In
803 2640 1079 2703 Massoni
1121 2641 1492 2703 sententiam
1539 2627 1791 2699 transiit
1830 2638 2024 2700 etiam

118 2758 324 2822 nuper
371 2739 766 2802 Kirchnerus
808 2740 876 2801 in
920 2741 1172 2818 Quaest.
1216 2742 1432 2802 Horat.
1475 2761 1539 2823 p.
1577 2738 1681 2800 38.
