2236 3932
237 134 356 196 144
816 155 897 195 DE
945 156 1002 197 ι.
1046 155 1255 197 VAmo
1301 156 1541 197 rom-s.

227 286 635 370 significetur,
679 296 867 372 atque
893 290 1050 351 illud
1076 291 1302 350 eadem
1341 291 1613 354 nominis
1653 300 1854 354 θετικὲ
1894 297 2129 379 signifi-
2176 354 2181 383 ,ζ

229 387 471 448 catione
494 397 871 471 usurpatum
897 408 1035 450 esse
1063 388 1401 450 aMartiale
1428 388 1607 451 Libr.
1624 391 1734 452 VI.
1763 393 1976 477 Epigr.
1991 397 2127 458 69.:

313 488 468 550 Non
507 486 751 564 miror,
808 489 983 570 quod
1013 497 1212 568 potat
1254 510 1498 570 aquam
1540 501 1658 551 tua
1698 493 1952 569 Bassa,
2005 497 2130 557 Ca-

1262 589 1451 662 mlle,-

396 687 644 760 Mc'ror,
703 687 876 767 quod
914 682 1116 746 Bassi
1135 684 1297 765 filia
1336 698 1525 767 potat
1566 712 1828 772 aquam.

357 788 489 850 Sed
565 785 848 866 quisquis
919 783 1041 844 fuit
1117 790 1386 865 uterque
1442 787 1672 850 Bassus
1731 811 1768 850 a
1825 790 2128 854 Cicerone

224 891 605 949 memoratus
618 927 638 960 ,
687 890 909 945 neuter
949 903 1068 965 per
1110 890 1386 944 aetatem
1430 884 1664 949 Ovidio
1703 910 1839 950 esse
1880 898 2130 971 poterat

223 987 394 1048 inter
447 984 655 1044 ‹lulcia
696 984 989 1044 membra
1033 983 1355 1044 convictus
1409 986 1527 1045 sui.
1623 988 1848 1050 Aetate
1893 1011 2130 1072 suppar

222 1086 457 1147 Poetae
502 1083 903 1144 Sulmonensi
958 1089 1095 1144 erat
1149 1085 1227 1144 T.
1270 1082 1591 1164 Aufidius
1631 1088 1882 1149 Bassus
1895 1133 1917 1163 ,
1976 1091 2129 1151 belli

225 1183 586 1246 Germanici
626 1183 922 1265 scriptor,
986 1185 1066 1243 de
1109 1204 1237 1264 quo
1281 1184 1534 1264 copiose
1575 1186 1702 1268 egit
1748 1187 1826 1248 G.
1866 1188 1926 1250 J.
1968 1189 2129 1250 Vos-

221 1285 351 1345 sius
410 1285 491 1344 de
547 1283 704 1344 Hist.
763 1282 969 1343 Latin.
1029 1281 1207 1343 Libr.
1250 1282 1303 1346 I.
1364 1302 1418 1343 c.
1460 1286 1521 1344 2.
1576 1307 1640 1365 p.
1683 1286 1787 1347 36.
1843 1289 1978 1349 Vol.
2019 1289 2125 1350 IV.

225 1383 391 1467 Opp.
421 1418 528 1442 -,
564 1381 666 1444 Ob
709 1382 1130 1463 eloquentiam
1171 1383 1465 1442 laudatur
1507 1384 1588 1444 ab
1632 1386 1814 1447 Auct.
1857 1388 2018 1447 Dial.
2064 1390 2126 1448 d.

225 1483 428 1550 Oratt.
475 1504 529 1544 c.
564 1468 667 1544 23.
683 1527 704 1560 ,
747 1482 862 1542 ubi
906 1480 1176 1542 Orellius
1221 1481 1252 1540 ὁ
1289 1484 1681 1559 κριτικώτατος
1722 1483 1862 1568 jure
1892 1488 2128 1550 delevit

221 1603 614 1666 praenomen
679 1581 849 1658 Titi,
908 1579 1273 1664 conjectura
1328 1582 1388 1644 ei
1443 1583 1800 1664 praefixum
1816 1630 1837 1663 ,
1909 1594 2126 1648 osten-

221 1685 441 1766 ditque
497 1683 593 1743 illi
660 1682 873 1766 potius
932 1682 1137 1747 videri
1204 1682 1397 1744 fuisse
1452 1683 1842 1765 praenOmen
1898 1685 2127 1747 Publio

220 1787 304 1847 ob
346 1786 562 1845 locum
602 1782 905 1844 Prisciani
956 1782 1135 1844 Libr.
1186 1783 1360 1845 VIII.
1418 1805 1471 1845 c.
1503 1785 1564 1844 4.
1610 1793 1659 1858 §.
1700 1786 1799 1845 18.
1845 1785 2031 1846 Tom.
2071 1787 2124 1846 I.

217 1907 284 1967 p.
314 1885 458 1945 371.
490 1882 610 1946 Kr..
674 1881 1021 1951 ..Eumdem
1080 1905 1118 1945 a
1177 1883 1419 1945 Seneca
1461 1884 1660 1964 Epist.
1703 1884 1910 1943 XXX.
1970 1893 2019 1958 §.
2061 1887 2124 1947 4.

216 1984 413 2046 multa
468 2002 615 2044 cum
665 1982 851 2045 laude
909 1984 1393 2049 commemorari
1450 1990 1709 2045 censent
1770 1983 1985 2068 Gierig
2044 1986 2125 2046 ad

217 2084 405 2144 Plinii
468 2081 647 2142 Libr.
689 2081 804 2155 111.
876 2081 1077 2164 Epist.
1139 2082 1201 2143 5.
1259 2093 1309 2158 ξ.
1354 2086 1416 2146 6.
1487 2090 1591 2155 ,et¹
1625 2084 1996 2163 Bernhardy
2058 2082 2126 2145 in

224 2184 516 2246 Grundr.
545 2184 607 2242 d.
634 2183 722 2243 R.
754 2180 918 2242 Litt.
960 2205 1024 2264 p.
1057 2186 1201 2269 261.
1238 2185 1380 2244 Not.
1409 2185 1579 2259 490„
1627 2184 1739 2244 sed
1763 2184 1932 2244 hunc
1956 2184 2123 2246 illius

216 2282 418 2344 filium
461 2303 633 2359 esse,
677 2282 910 2343 rectius
959 2290 1245 2344 statuunt
1284 2284 1535 2365 Lipsius
1580 2285 1659 2343 ad
1704 2282 1929 2344 Senec.
1973 2284 2016 2342 l.
2046 2305 2122 2362 c.,

220 2383 299 2446 G.
341 2382 400 2444 J.
446 2383 702 2444 Vossius
761 2384 842 2444 de
896 2382 1056 2444 Hist.
1087 2383 1255 2457 ,Lat.
1301 2385 1342 2444 l.
1387 2404 1478 2460 c.,
1538 2382 1612 2443 N.
1655 2382 1859 2444 Faber
1913 2384 1993 2442 ad
2034 2383 2122 2444 M.

220 2481 504 2545 Senecae
554 2482 812 2545 Suasor.
850 2482 993 2543 VH.
1050 2506 1114 2565 p.
1147 2485 1249 2544 44.
1308 2484 1450 2546 Vol.
1479 2483 1596 2543 III.
1642 2482 1753 2545 Gr.
1813 2487 1876 2542 et
1935 2480 2124 2563 Spal-

219 2583 467 2665 dingius
497 2584 577 2644 ad
605 2584 856 2660 Quintil.
884 2583 936 2643 I.
968 2581 1080 2643 Or.
1125 2582 1303 2644 Libr.
1334 2586 1418 2644 X.
1463 2604 1518 2645 6.
1542 2586 1596 2643 l.
1631 2591 1680 2656 ς.
1716 2583 1857 2642 103.
1943 2581 2124 2642 Aufi-

219 2682 362 2743 dius
405 2682 633 2743 Bassus
673 2689 854 2764 pater
894 2689 1141 2764 potest,
1186 2684 1238 2744 si
1264 2691 1548 2765 tempora
1580 2687 1856 2764 spectas,
1900 2680 2122 2741 haberi

217 2781 432 2844 Ovidii
488 2781 812 2843 convictor
866 2803 940 2844 ac
1009 2784 1507 2860 contubernalis,
1581 2782 1694 2841 sed
1768 2781 1846 2850 de
1903 2780 2121 2840 studiis

216 2878 357 2965 ejus
398 2881 663 2962 poeticis
706 2901 852 2942 cmn
892 2882 1050 2942 nihil
1091 2884 1395 2943 traditlun
1436 2884 1751 2966 legamuS,
1797 2879 1953 2939 alius
1974 2944 1976 2946 ,
2000 2879 2122 2940 cir-

217 2981 722 3063 cumspiciendus
778 2982 962 3042 nobis
1016 2983 1132 3044 erit
1174 2979 1359 3066 hujus
1402 2981 1672 3049 nominis
1720 2986 1931 3059 poeta.

388 3081 534 3144 Jam
580 3079 995 3157 Quintilianus
1040 3084 1167 3144 duo
1209 3087 1493 3153 recenset
1533 3082 1780 3141 Bassos
1825 3077 2122 3139 carmini-

216 3181 336 3243 bus
393 3181 705 3256 illustres,
794 3182 1047 3262 epicum
1118 3184 1422 3259 alterum,
1493 3181 1763 3240 alterum
1830 3179 2119 3256 lyric1m1.
2222 3247 2227 3251 ‚

218 3282 336 3342 Ille
378 3286 479 3342 est
532 3280 784 3357 Salejus
839 3281 1124 3359 Bassus,
1196 3281 1375 3364 cujus
1418 3279 1750 3359 ingenium
1789 3277 2121 3338 vehemens

218 3390 282 3440 et
326 3379 658 3462 poeticam
695 3377 850 3459 fuit
861 3422 886 3453 ,
943 3402 1058 3440 nec
1112 3381 1328 3463 ipsum
1383 3388 1703 3440 senectute
1759 3386 2118 3449 metarum,

219 3485 295 3540 Ut
330 3478 863 3555 ait-Quintilianus
887 3478 939 3537 I.
967 3479 1077 3541 Or.
1108 3481 1283 3540 Libr.
1300 3481 1383 3539 X.
1417 3501 1469 3540 6.
1496 3481 1551 3538 l.
1585 3487 1633 3551 §.
1653 3480 1755 3538 90.
1789 3483 1852 3536 et
1874 3481 2118 3555 postre-
2234 3494 2236 3520 ε

221 3578 342 3640 mis
397 3578 608 3640 verbis
669 3576 1006 3662 significat,
1088 3599 1235 3641 eum
1291 3580 1666 3640 immaturae
1717 3574 1934 3637 mortis
1989 3572 2117 3633 fato
2233 3640 2236 3647 A
