2236 3932
703 180 783 219 un
831 180 889 219 ι.
931 176 1138 219 vauro
1184 175 1422 243 roam.
1930 156 2010 221 13

118 342 262 383 011111
317 318 602 401 inscript.
650 316 725 381 V
712 315 783 379 A
795 317 885 379 R.
943 314 1115 401 genti
1155 313 1378 378 Variae
1433 313 1681 378 erudite
1725 316 2016 380 vindica-

113 429 236 481 tur.
321 421 474 481 Illos
517 423 730 479 autem
772 437 1015 492 omneS‚
1057 435 1220 497 quos
1251 415 1628 476 nominatim
1654 419 2014 498 percensui,

114 520 337 581 Varios
355 563 376 596 ,
450 518 502 578 si
547 537 586 578 a
627 518 702 593 Q.
729 516 922 577 Vario
968 515 1355 577 Sucronensi
1399 515 1790 592 discesseriS,
1827 506 2015 577 *Varii

0 671 7 705 J,
111 627 339 700 poetae
353 661 374 694 ‚
444 619 524 678 de
565 637 696 697 quo
738 616 1099 695 loquimur,
1169 615 1464 695 aequales
1520 614 1719 675 fuisse
1763 615 2013 695 opinor.

0 698 5 723 ζ’
109 717 331 797 Neque
354 716 489 779 veri
532 721 631 777 est
672 714 995 791 dissimile,
1039 734 1150 775 eos
1194 735 1415 776 omnes
1458 734 1528 775 se
1557 714 1833 776 invicem
1859 735 2016 797 gen-

1 856 3 868 1
111 818 333 877 tilitate
376 814 730 898 contigisse.
818 809 1032 895 Quid?
1084 815 1259 894 quod
1301 813 1605 895 suspicari
1632 813 1836 873 ausim
1850 857 1870 890 ,
1914 820 2015 875 to·-

0 950 1 953 =
109 917 234 975 tius
260 916 465 998 gentis
477 959 499 992 ,
544 934 632 975 ex
660 934 790 994 quo
818 919 1111 994 tempore
1135 934 1211 974 ea
1237 913 1478 974 Romae
1501 911 1788 990 floreret,
1831 914 2015 996 prin-

109 1015 319 1096 cipem
360 1020 426 1075 et
469 1018 659 1095 caput
699 1012 1062 1073 habendum
1110 1033 1249 1073 esse
1291 1013 1474 1072 illmn
1517 1010 2012 1091 Sunonensem,

109 1136 239 1195 quo
298 1113 728 1194 antiquiorem
784 1112 1108 1172 neminem
1163 1110 1531 1171 Varionma.
1586 1131 1626 1172 a
1692 1113 2014 1175 veteribus

106 1214 543 1275 Romanorum
585 1211 994 1295 scriptoribus
1039 1215 1607 1270 commemoratum
1632 1211 2014 1273 invenimus-

106 1315 319 1391 Quum
359 1334 518 1375 vero
559 1315 671 1374 ille
713 1314 787 1388 Q.
817 1310 1046 1371 Varius
1082 1306 1413 1382 Sucrone,
1462 1306 1805 1388 Hispaniae
1851 1312 2016 1372 Tar-

105 1413 468 1475 raconensis
510 1413 691 1489 urbe,
737 1410 804 1470 h.
856 1408 1136 1481 Cullera,
1181 1405 1487 1486 oriundus
1524 1406 1716 1469 fuerit
1758 1415 1820 1469 et
1861 1432 2015 1491 pro-

104 1520 247 1594 pter
302 1513 642 1572 obscurum
700 1507 964 1569 civitatis
1018 1503 1118 1589 jus
1171 1502 1472 1585 Hybrida
1539 1508 2013 1589 cognominatus

105 1612 188 1670 sit
212 1611 318 1690 ι’);
393 1630 528 1670 11011
581 1614 824 1669 temere
879 1606 1040 1667 mihi
1079 1606 1302 1667 videor
1357 1605 1654 1688 colligere
1666 1628 1706 1683 ,·
1761 1614 2015 1689 gentem

101 1709 355 1770 Variam
398 1714 465 1768 et
495 1704 1115 1791 peregrinamfuisse
1142 1723 1352 1785 neque
1381 1706 1725 1786 mltiquam.
1787 1708 2014 1770 Fuisse

103 1815 319 1870 autem
362 1806 651 1868 Sucrone
701 1807 772 1869 V
762 1804 943 1866 arios
956 1847 980 1879 ,
1038 1803 1099 1864 J.
1129 1804 1518 1864 Arntzenius
1563 1807 1643 1865 ad
1690 1804 1759 1866 S.
1791 1807 2011 1868 Aurel.

100 1908 342 1969 Victor.
374 1909 436 1967 d.
450 1906 621 1969 Viris
647 1904 887 1968 Illustr.
924 1925 982 1968 c.
1015 1906 1121 1966 72.
1149 1925 1216 1985 p.
1247 1905 1395 1976 267.
1439 1903 1560 1966 hac
1599 1905 2011 1988 inscriptione

101 2007 391 2090 probavit
407 2029 425 2067 z

932 2092 1024 2154 D.
1075 2090 1164 2152 M.

330 2193 422 2255 L.
492 2191 798 2255 VARIO
882 2189 1288 2254 PROCLO
1374 2191 1535 2254 AN.
1604 2192 1782 2254 XV.

469 2293 775 2355 VARIA
856 2290 1267 2354 PROCLA
1351 2291 1639 2355 FILIO

692 2390 1422 2454 PIENTISSIMO.
1916 2462 1922 2478 ἱ

100 2493 273 2555 llaec
330 2493 650 2575 inscriptio
709 2500 846 2555 erat
887 2494 957 2554 in
998 2492 1241 2573 lapide,
1313 2493 1428 2575 qui
1466 2492 1535 2554 in
1578 2513 1730 2576 agro
1772 2479 2012 2555 Valen-

98 2594 236 2654 tino
281 2594 571 2654 exstabat
611 2593 782 2654 haud
824 2594 1015 2676 longe
1058 2612 1096 2653 a
1138 2597 1319 2674 porta
1361 2592 1782 2673 Sucronensi,
1844 2614 2012 2675 quae

98 2691 389 2754 Valentia
446 2691 805 2755 Sucronem
878 2693 1181 2769 ducebat,
1249 2693 1603 2774 eademque
1672 2695 2009 2775 reperiam,

77 2794 212 2855 'sed
253 2794 578 2872 mutilata,
619 2792 694 2854 in
738 2792 996 2855 Gruteri
1041 2792 1371 2856 Thesauro
1412 2815 1480 2876 p.
1507 2791 1851 2855 DCCXIII.
1882 2793 1947 2855 3.

966 2957 1018 3025 ᾗ.
1060 2950 1126 3013 4.

267 3065 480 3143 Quum
521 3066 737 3127 nullus
779 3071 1067 3127 veterum
1100 3064 1475 3148 scriptorum
1490 3110 1511 3144 ,
1557 3086 1718 3148 quos
1749 3065 2010 3147 quidem

97 3163 428 3244 novimus,
496 3165 843 3228 memoriae
896 3164 1254 3245 tradiderit,
1323 3187 1456 3249 quo
1501 3186 1672 3228 amlo
1715 3172 1901 3228 natus
1945 3173 2010 3228 et

243 3338 333 3395 11)
387 3330 621 3385 Similiter
673 3335 905 3399 Persius,
966 3337 1052 3386 ille
1114 3339 1382 3401 negotiator
1439 3334 1804 3396 Clazomenius,
1870 3346 2007 3400 patre

96 3401 282 3455 Graeco
331 3414 379 3454 et
429 3417 580 3457 matre
626 3405 839 3457 Romana
888 3417 1053 3468 nanus,
1114 3411 1388 3472 appellatur
1414 3407 1663 3475 Hybrida
1704 3410 1763 3458 ab
1800 3409 2007 3461 Horatio

93 3473 235 3527 Libr.
267 3476 308 3527 Ι.
349 3475 496 3527 Satir.
525 3484 574 3528 7.
614 3496 662 3527 v.
694 3484 744 3529 2.
785 3480 864 3528 ubi
901 3478 1134 3531 videndus
1171 3492 1245 3531 est
1279 3481 1591 3531 Heindorfius
1626 3498 1674 3543 p.
1707 3484 1825 3530 105.
1900 3480 2007 3530 Ho-

94 3550 246 3598 mines
296 3566 359 3598 ex
413 3550 671 3611 imparibus
721 3552 820 3600 nati
869 3553 1143 3615 parentibus
1190 3555 1262 3604 sic
1298 3554 1440 3616 dicti,
1502 3561 1557 3603 ut
1591 3551 1730 3602 docet
1764 3549 2005 3604 Martialis

93 3616 233 3671 Libr.
255 3617 351 3671 Vl.
391 3619 558 3685 Epigr.
589 3626 675 3672 39.
