2236 3932
218 102 343 162 262
799 126 878 165 nr.
926 126 1150 165 cAsslo
1200 125 1563 165 rAnMssNst.

218 260 380 320 inter
438 267 513 320 se‘*
567 259 784 340 partiri
840 279 1115 337 suaeque
1159 258 1343 318 saluti
1385 261 1777 339 prospicere;
1853 262 1962 341 qui
2005 265 2117 323 ah·-

219 363 487 419 nuentes
545 357 891 435 flentesque
953 357 1032 414 ab
1092 376 1170 416 eo
1229 357 1689 418 dimitterentur
1744 360 1989 439 scriptis
2042 364 2120 420 ad

220 456 649 536 Theophilum
709 460 1185 534 procuratorem
1246 440 1529 515 Corinthi
1573 457 1833 533 litteris,
1889 465 1960 518 ut
1999 459 2123 519 illis

219 557 617 615 securitatem
663 553 995 632 expediret
1041 558 1232 632 atque
1268 554 1679 615 absconderet
1723 576 1866 632 003,
1911 558 2118 636 quoad

222 655 640 715 Octavianum
683 652 932 730 placare
977 652 1356 731 potuissent,
1402 658 1471 712 ut
1514 653 1708 714 refert
1748 655 2122 717 Plutarchus

219 774 272 813 c.
322 755 425 812 88.
529 749 848 830 Quidquid
905 771 1058 810 vcro
1117 747 1255 833 ejus
1311 751 1404 811 rei
1461 758 1588 827 est,
1659 753 1953 833 equidem
2006 776 2123 836 pro

219 858 393 912 certo
467 848 784 909 affirmare
858 849 1096 925 ausim,
1172 848 1455 910 Cassium
1522 849 1934 916 Parmensem
1970 907 1974 915 f
2006 871 2123 934 per

218 949 545 1034 proximos
589 954 734 1029 post
777 947 947 1007 illam
994 948 1235 1008 cladem
1270 968 1521 1035 menses
1551 949 1616 1013 in
1651 953 1919 1031 quodvis
1959 954 2123 1013 aliud

220 1048 522 1109 Graeciae
579 1046 948 1129 oppidulum
1018 1047 1298 1108 latitandi
1370 1068 1590 1109 caussa
1647 1069 1716 1111 se
1787 1053 2123 1133 recepisse,

220 1168 413 1228 quam
453 1147 767 1224 AthenaS,
814 1167 942 1228 quo
968 1144 1153 1208 facile
1186 1147 1491 1229 suspicari
1519 1154 1732 1228 posset
1757 1152 2127 1231 propediem

219 1248 559 1309 venturum
614 1267 750 1308 esse
795 1245 1232 1308 Octavianum.
1333 1245 1415 1307 Et
1460 1257 1604 1308 mm
1646 1250 1846 1328 probe
1889 1257 2126 1327 nosset,

217 1347 396 1408 illum
440 1346 561 1406 sibi
602 1346 1011 1407 infensiorem
1052 1346 1505 1427 iratioremque
1550 1367 1721 1424 esse,
1782 1368 1974 1430 quam
2018 1350 2128 1430 qui

220 1466 524 1527 umquam
601 1446 836 1527 placari
906 1445 1429 1526 reconciliarique
1509 1454 1756 1527 posset,
1838 1447 2127 1528 profecto

219 1546 500 1607 maxime
559 1545 927 1606 temerarius
977 1530 1390 1626 omniumque
1434 1546 1840 1607 stultissimus
1883 1546 2126 1623 fuisset,

220 1645 273 1704 si
303 1645 606 1706 'Athenas
624 1689 644 1722 ,
717 1642 1046 1727 praesente
1107 1665 1184 1706 eo
1203 1688 1223 1722 ,
1296 1664 1362 1705 se
1407 1645 1804 1723 contulisset,
1865 1652 1972 1706 aut
2014 1648 2128 1706 ad-

220 1744 512 1806 veniente
569 1764 647 1805 eo
690 1743 779 1806 ibi
821 1743 1174 1804 mansisset.
1276 1744 1590 1820 Quamdiu
1634 1742 2016 1807 Octavianus
2058 1746 2129 1806 in

222 1841 485 1903 Graecia
526 1850 928 1921 versaretur,
985 1843 1223 1903 tamdiu
1278 1831 1436 1903 mihi
1478 1863 1854 1925 persuasum
1896 1852 1994 1906 est
2036 1846 2130 1906 la-

220 1943 409 2004 tuisse
455 1942 739 2004 Cassium
779 1943 847 2004 in
888 1943 1012 2004 alio
1055 1942 1358 2023 quopiam
1400 1943 1541 2004 loco
1584 1950 1647 2004 et
1673 1945 1902 2007 vitasse
1930 1945 2129 2006 Atho·

220 2062 352 2104 naS.
476 2042 844 2120 Praeterea,
889 2043 955 2103 id
1013 2043 1186 2123 quod
1241 2042 1530 2124 inprimis
1601 2045 2129 2106 considerandum

222 2148 340 2221 cst,
387 2140 769 2205 Octavianus
811 2141 920 2203 illo
965 2142 1337 2223 praesertim
1366 2147 1654 2223 tempore
1697 2145 1834 2205 aliis
1877 2145 2128 2227 gravio-

222 2243 527 2324 ribusque
571 2248 913 2323 occupatus
956 2242 1393 2322 districtusque
1437 2247 1570 2303 erat
1610 2244 1802 2304 rebus
1833 2263 1906 2305 ac
1939 2244 2128 2322 curiS,

224 2362 416 2423 quam
458 2342 569 2423 qui
609 2348 828 2424 posset
870 2341 1150 2402 animum
1195 2342 1523 2403 advertere
1551 2343 1632 2402 acl
1665 2342 2132 2426 investigandos

222 2442 699 2524 puniendosque
759 2442 950 2523 patris
1009 2461 1425 2523 percussores.
1543 2440 1742 2503 Porro
1801 2462 1948 2503 cum
2003 2443 2133 2505 Ho-

224 2542 368 2603 ratii
426 2541 812 2602 Scholiastae
870 2542 1156 2617 tradant,
1225 2540 1486 2616 missum
1545 2560 1681 2602 esse
1725 2541 1804 2602 ab
1848 2542 2129 2626 Augusto

227 2641 307 2723 Q.
347 2639 624 2716 Varum,
683 2641 794 2722 qui
850 2641 1255 2702 Parmensem
1313 2640 1598 2701 Cassium
1641 2641 1990 2719 occideret,
2052 2663 2130 2704 eo

227 2740 630 2816 deducimur,
717 2747 785 2800 ut
869 2739 1292 2802 Octavianum
1369 2739 1716 2823 cogitemus
1801 2742 2131 2803 absentem

226 2841 440 2924 potius
537 2838 730 2901 fuisse
812 2839 1076 2900 Athenis
1164 2860 1359 2920 quam
1444 2844 1871 2922 praesentem,
1971 2841 2131 2902 alio-

228 2941 385 3023 quin
441 2959 528 3002 ex
584 2945 873 3001 veterum
926 2939 1230 3023 loquendi
1285 2958 1467 3001 more
1519 2939 1588 2999 in
1648 2937 1919 3001 scholiis
1970 2941 2129 3002 scri-

227 3047 409 3123 ptum
438 3040 813 3123 lega-emim,
856 3039 1034 3099 illum
1062 3040 1141 3099 ab
1168 3040 1455 3122 Augusto
1484 3038 1886 3107 interfectum
1914 3039 2130 3102 fuisse.

229 3140 520 3222 Denique
562 3139 722 3206 adde
738 3182 758 3215 ,
819 3138 991 3218 quod
1033 3138 1153 3200 iste
1198 3137 1275 3219 Q.
1320 3137 1524 3199 Varus
1570 3138 1800 3198 dicitur
1846 3139 2130 3200 Cassium

229 3239 496 3303 Athenis
549 3236 862 3302 invenisse
919 3239 1279 3299 studentem
1334 3244 1396 3299 et
1455 3234 1588 3323 ejus
1649 3238 1877 3299 scrinia
1920 3238 2132 3300 abstu-

230 3340 400 3401 lisse.
490 3338 661 3416 Quid
697 3331 902 3400 vero?
974 3358 1128 3398 num
1173 3338 1477 3400 credibile
1519 3343 1612 3399 est
1656 3337 1941 3400 Cassium.
1978 3337 2131 3398 Par-

231 3458 520 3503 mensem
561 3444 884 3500 recentem
926 3456 1011 3497 ex
1055 3438 1234 3499 clade
1275 3436 1538 3499 Actiaca>
1571 3443 1657 3515 et,
1700 3437 1972 3499 Antonio
2015 3455 2132 3517 pa·-

232 3543 421 3601 trono
463 3558 578 3604 suo
622 3557 706 3606 ac,
739 3533 1069 3605 defensore
1112 3536 1441 3625 profligato
1456 3579 1475 3617 ‚
1520 3537 1852 3601 sollicitum
1894 3536 1979 3598 de
2018 3555 2135 3598 sua
