2236 3932
807 137 1150 186 Excunsus
1195 138 1289 182 tv.
1875 120 2002 182 333

97 284 165 344 in
224 281 444 344 castris
500 279 681 342 Bruti
736 279 1202 351 lacessiverant.
1303 277 1468 338 Huic
1523 276 1738 338 Tullio
1797 277 2000 340 affinis

98 388 232 444 erat
280 380 589 442 Gratidia.
675 378 823 459 Ipse
858 384 1074 438 autem
1106 377 1371 459 perditis
1396 377 1680 438 moribus
1711 383 1777 439 et
1808 377 2002 438 homo

95 483 373 565 gulosus,
460 481 647 539 Anno
672 479 819 538 724.
865 478 1080 538 consul
1107 476 1311 538 factus
1354 483 1453 538 est
1495 483 1558 538 et
1597 477 1766 556 haud
1811 478 2002 538 dubie

95 601 153 643 a.
196 582 346 641 719.
402 584 660 662 praetor
712 575 943 638 fuerat.
1044 576 1157 637 Vir
1199 577 1570 658 ‘praetorius
1622 576 1812 660 igitur
1855 596 2002 638 cum

98 680 383 761 quinque
441 676 641 760 servis
700 676 769 736 in
825 675 1092 737 Tiburte
1147 675 1253 738 via
1307 676 1377 735 in
1418 676 1750 757 praedium
1790 682 2002 757 pater-

95 800 250 839 nmn
292 777 510 838 abiit.“
594 774 729 859 Ego
771 775 1029 858 quidem
1057 774 1122 834 h.
1155 774 1195 835 l.
1237 775 1575 836 lectionem
1613 774 2001 857 Tulli'prae-

92 877 232 939 fero
276 876 458 937 alteri
508 874 673 937 Tilli
684 921 703 952 ‚
749 894 948 956 quam
966 870 1291 957 Bentlejus
1335 895 1421 936 ex
1453 874 1651 936 Codd.
1695 876 2000 957 reposuit,

97 996 246 1039 cum
287 976 460 1036 idem
500 976 622 1056 ipsi
665 976 994 1037 videretur
1051 994 1224 1052 esse,
1283 974 1396 1055 qui
1439 995 1502 1036 v.
1534 975 1638 1036 24.
1681 968 2002 1037 memora-

94 1082 220 1136 tur.
307 1075 387 1136 At
427 1075 732 1137 Codicum
775 1074 953 1134 nulla
996 1093 1134 1135 esse
1177 1079 1389 1154 potest
1431 1094 1507 1135 ea
1553 1075 1622 1136 in
1664 1095 1738 1136 re
1782 1082 2002 1138 aucto-

95 1175 249 1235 ritas
263 1218 285 1252 ,
332 1174 614 1256 alioquin
641 1174 810 1256 apud
837 1172 1105 1234 Sueten.
1134 1172 1194 1235 J.
1230 1173 1408 1234 Caes·
1442 1194 1498 1234 c.
1527 1177 1631 1236 42.
1662 1175 2003 1259 legendum

96 1281 262 1336 esset
307 1273 557 1336 Cimber
607 1271 898 1350 Tullius,
943 1272 1039 1333 uti
1081 1273 1271 1334 etiam
1313 1292 1350 1334 a
1390 1273 1710 1335 nonnullis
1741 1275 1832 1334 ibi
1863 1275 2004 1337 edi-

95 1380 235 1434 tum
292 1380 423 1450 est,
488 1372 579 1433 ita
634 1378 709 1433 ut
763 1371 1187 1454 Glaudorpius
1242 1374 1312 1433 in
1372 1371 1701 1434 Onomast.
1757 1394 1818 1455 p.
1855 1374 2000 1436 854.

92 1472 276 1533 illum
329 1470 368 1533 J
371 1471 482 1532 ulii
538 1471 818 1533 Caesaris
875 1491 1314 1553 percussorem
1371 1474 1541 1556 genti
1599 1474 1846 1535 Tulliae
1889 1477 2002 1536 ad-

93 1571 444 1654 scripserit:
486 1571 597 1632 sed
645 1571 956 1647 videatur,
1000 1577 1262 1651 praeter
1290 1573 1652 1634 Fabricium
1694 1575 1776 1634 ad
1809 1574 2000 1637 Dion.

93 1669 262 1732 Cass.
291 1668 472 1731 Libr.
502 1669 730 1732 XLIV.
777 1691 832 1732 c.
871 1672 971 1732 19.
1017 1669 1090 1732 Ν.
1117 1671 1223 1732 98.
1267 1670 1413 1734 Vol.
1434 1672 1513 1734 V.
1550 1695 1615 1756 p.
1640 1674 1786 1735 421.
1808 1673 1999 1752 Strz„

89 1769 454 1832 Huschkius
497 1770 564 1830 in
609 1770 965 1832 Comment.
1011 1768 1091 1830 de
1137 1771 1207 1833 C.
1246 1771 1456 1835 Annio
1489 1772 1747 1836 Cimbro
1788 1785 1853 1856 p.
1894 1778 2000 1837 16.

88 1868 165 1932 Ν.
199 1870 258 1931 5.
344 1869 534 1953 Apud
576 1869 907 1932 Horatium
952 1867 1032 1932 (le
1061 1869 1323 1934 (liversis
1363 1871 1724 1937 hominibus
1753 1894 2000 1937 sermo-

87 1990 239 2032 nem
297 1990 470 2048 esse,
546 1976 848 2052 apertum*
878 1975 992 2031 est.
1079 1964 1248 2032 'Jam
1302 1970 1575 2054 Spohm‘i
1634 1971 1999 2056 conjectura

19 2111 21 2131 ι
85 2065 205 2130 fuit
246 2089 373 2151 quo
416 2067 575 2130 mihi
618 2088 874 2151 quoque
915 2070 1332 2152 pei-placeret.
1420 2073 1705 2134 Primum
1735 2075 1909 2137 enim
1944 2077 1999 2138 si

89 2167 378 2231 Consulis
420 2167 587 2230 filius
645 2169 713 2230 in
754 2169 940 2230 Bruti
1000 2170 1216 2232 castris
1261 2172 1757 2236 commilitonem
1798 2177 1997 2239 liber-
2090 2183 2091 2186 ’

18 2275 21 2290 ⁴
86 2269 217 2331 tino
259 2275 483 2329 natum
525 2276 705 2351 patre
750 2270 889 2331 altis
920 2270 1271 2352 superciliis
1299 2272 1679 2354 despexerat
1722 2294 1998 2357 eumque

88 2368 271 2429 dictis
341 2366 643 2450 factisque
698 2369 1081 2447 violaverat,
1150 2370 1219 2431 id
1278 2373 1450 2452 quod
1504 2372 1677 2435 haud
1720 2375 1997 2437 alienum

89 2489 126 2530 a
168 2488 324 2531 vero
369 2487 506 2530 esse
551 2469 828 2529 diximus
845 2513 864 2546 ,
924 2489 1058 2530 non
1099 2476 1196 2531 est
1238 2471 1414 2551 quod
1456 2473 1789 2551 miremur,
1861 2476 1996 2540 Ho-

20 2637 21 2642 w
81 2569 319 2630 ratium
373 2569 540 2629 illius
608 2588 963 2631 memorem
1020 2565 1385 2631 offensionis
1457 2572 1598 2633 data
1665 2577 1995 2639 occasione

18 2663 21 2727 ἑ
86 2668 268 2730 istius
328 2668 660 2750 superbiae
715 2669 1011 2730 illusisse.
1111 2669 1357 2731 Deinde
1414 2671 1484 2733 id
1537 2673 1725 2734 etiam
1767 2677 1993 2738 verisi-

86 2769 239 2830 mile
284 2774 413 2847 est,
473 2785 511 2830 a
555 2768 823 2831 Caesare
868 2766 1210 2831 Octaviano
1227 2812 1247 2847 ,
1293 2791 1486 2853 quem
1528 2773 1795 2836 subinde
1836 2796 1992 2857 poe-

20 2935 21 2938 ¹
85 2867 320 2929 niteret
363 2868 683 2931 Ciceronis
724 2868 920 2950 patris
976 2867 1217 2930 nefarie
1259 2872 1491 2952 proditi
1532 2879 1595 2934 et
1635 2876 1992 2958 proscripti,
2040 2880 2042 2882 ’

87 2964 274 3050 hujus
314 2965 517 3031 filium
558 2975 628 3028 ut
684 2978 1055 3046 auguratus
1110 2968 1358 3032 honore
1402 2973 1886 3035 condecoratum
1928 2982 1992 3037 et

20 3141 21 3147 ἵ
86 3067 257 3128 inter
315 3067 591 3130 treviros
658 3068 1018 3128 monetales
1091 3068 1362 3131 electum
1379 3115 1399 3150 ,
1469 3078 1629 3134 teste
1697 3073 1989 3156 Appiano

85 3166 162 3227 B.
209 3164 279 3228 G.
324 3165 500 3229 Libr.
531 3167 637 3229 IV.
684 3186 738 3230 c.
772 3166 913 3244 51„
970 3167 1056 3229 ita
1099 3169 1289 3231 etiam
1328 3182 1648 3254 praetura
1693 3179 1990 3236 ornatum

87 3285 227 3327 esse
269 3285 325 3326 a.
356 3266 430 3328 U.
466 3266 535 3328 C.
566 3267 736 3343 719„
781 3273 853 3327 ut
896 3285 1060 3328 anno
1090 3268 1164 3329 U.
1197 3267 1267 3331 G.
1297 3271 1442 3331 724.
1477 3271 1805 3334 admoveri
1836 3295 1989 3355 pos-

86 3371 183 3427 set
240 3365 627 3427 consulatui.
726 3366 813 3426 At
867 3365 934 3427 in
976 3365 1190 3430 Tullio
1233 3368 1528 3432 Praetore
1579 3370 1689 3432 illo
1733 3371 1811 3431 ab
1855 3372 1990 3434 Ho-

87 3465 253 3526 ratio
298 3472 551 3527 notatur
592 3485 725 3527 non
766 3464 963 3528 fastus
993 3474 1059 3528 et
1089 3467 1422 3531 insolentia
1451 3468 1750 3531 natalium
1777 3471 1988 3553 splen-

89 3565 247 3627 dore
291 3565 660 3648 superbieus
701 3572 767 3627 et
808 3585 876 3629 se
918 3562 1190 3650 jactans,
1234 3569 1347 3631 sed
1392 3569 1557 3633 vitae
1600 3570 1762 3631 ratio
1798 3590 1987 3654 parca
