2236 3932
191 146 313 208 156
675 228 678 232 Ι
774 169 855 208 DE
904 169 1203 210 L.VAR10
1250 169 1488 209 POETA.

186 301 422 364 tentiae
477 308 920 387 argumentum
973 302 1452 386 deprehendere
1520 303 1676 363 mihi
1743 303 1970 385 videor
2022 304 2091 362 in

187 401 298 461 illo
340 401 478 482 ipso
522 402 663 463 loco
707 401 951 462 Horatii
994 400 1172 459 Libr.
1203 399 1288 461 ΙΙ.
1334 399 1457 462 Od.
1494 403 1552 462 l.
1596 424 1660 465 v.
1686 403 1751 463 9.
1839 402 2094 461 Fallun-

191 505 298 559 tur
356 500 528 560 enim
543 545 562 577 ,
636 501 689 561 5ἰ
746 501 902 579 quid
965 499 1187 575 video,
1246 498 1649 582 Interpretes
1654 545 1673 577 ,
1731 500 1841 580 qui
1881 500 1973 559 ibi
2015 501 2095 560 de

188 598 463 658 theatris
504 598 760 679 proprie
805 597 892 656 sic
939 596 1122 656 dictis
1169 599 1472 679 cogitant:
1530 620 1682 660 nam
1724 599 1790 659 h.
1819 599 1863 659 1.
1906 599 2096 659 thea-

188 705 298 756 tra
341 699 568 758 eodem
611 694 960 776 significatu
999 695 1156 754 mihi
1198 697 1498 758 videntur
1539 704 1892 758 memorata
1934 717 2093 774 esse,

188 816 318 876 quo
360 795 538 854 Libr.
568 793 620 852 Ι.
665 792 862 873 Epist.
901 795 999 854 19.
1043 815 1106 854 v.
1136 795 1241 855 41.
1280 815 1378 875 sq.

1029 892 1266 974 Spissis
1307 893 1584 973 indigna
1622 894 1900 957 theatris

276 991 534 1073 Scripta
574 991 778 1072 pudet
818 989 1094 1053 recitare
1136 1003 1219 1052 et
1238 1014 1365 1071 nu„
1342 992 1435 1054 πίε
1478 996 1720 1054 addere
1751 995 2055 1077 pondus:

193 1091 304 1150 ubi
362 1089 590 1171 spissas
650 1089 925 1150 theatris
981 1090 1317 1173 significari
1361 1093 1699 1170 auditoria,
1757 1095 1827 1153 in
1872 1093 2100 1173 quibus

197 1190 431 1270 scripta
479 1189 719 1272 ingemi
763 1209 956 1271 opera
1000 1210 1215 1251 coram
1257 1192 1475 1251 multis
1517 1193 1898 1270 recitentur,
1957 1213 2103 1253 cum

193 1290 300 1349 alii
358 1290 820 1351 admonuerunt
879 1290 1267 1371 Interpretes
1285 1335 1305 1368 ‚
1381 1297 1515 1351 tum
1557 1291 1845 1372 inprimis
1920 1293 2105 1351 docte

195 1389 473 1473 ostendit
529 1389 777 1451 Theod.
840 1389 1202 1451 Schmidius
1244 1411 1308 1470 p.
1342 1391 1487 1450 444.
1524 1411 1620 1470 sq.
1723 1391 1848 1451 Per
1912 1396 2108 1450 totam

197 1494 411 1548 autem
474 1488 638 1550 hanc
709 1487 949 1565 Odam,
1020 1509 1215 1569 quam
1286 1510 1373 1550 ex
1431 1482 1817 1569 politissimis
1874 1489 2108 1550 Poetae

198 1588 500 1661 Venusini
543 1588 926 1653 carminibus
970 1608 1109 1649 esse
1141 1588 1410 1668 quilibet
1450 1586 1773 1673 intelligit,
1822 1588 2108 1649 sublimis

198 1689 510 1770 quaedam
581 1692 647 1748 et
703 1688 1133 1769 grandiloqua⁴
1183 1688 1421 1748 incedit
1476 1690 1690 1750 dictio.
1805 1689 2111 1748 Videlicet

198 1809 328 1868 quo
385 1784 616 1869 majori
662 1787 741 1846 in
800 1787 1269 1867 exspectatione
1322 1787 1569 1847 Horatii
1625 1795 1764 1848 erat
1817 1787 1972 1847 illud
2031 1788 2110 1846 de

199 1887 388 1950 bellis
434 1886 720 1947 civilibus
765 1906 922 1966 opus
967 1906 1005 1946 a
1046 1886 1187 1947 viro
1231 1886 1506 1968 ingenuo
1550 1893 1616 1946 et
1658 1887 1969 1947 libertatis
1998 1907 2112 1948 ve-

176 1979 533 2066 ritatisque
590 1985 874 2046 studioso
916 1985 1255 2070 scriptum,
1317 1985 1440 2047 hoc
1486 1986 1832 2066 impensius
1874 1985 2112 2069 efflagi-

202 2092 373 2146 tatur
427 2091 494 2146 et
549 2105 627 2146 eo
670 2084 1103 2146 blandioribus
1146 2086 1357 2146 verbis
1399 2085 1601 2146 Pollio
1643 2086 1973 2162 incitatur,
2020 2096 2112 2161 ut,

205 2186 441 2253 omisso
485 2185 801 2266 paulisper
842 2184 994 2245 artis
1037 2184 1308 2266 tragicae
1339 2185 1548 2244 studio
1564 2228 1585 2258 ,
1629 2207 1696 2244 ιιι
1726 2186 1885 2245 illud
1912 2206 2116 2245 unum

207 2286 533 2347 incumbat
575 2290 641 2346 et
683 2305 874 2366 quam
915 2284 1196 2365 primum
1255 2285 1337 2343 ad
1379 2285 1750 2346 umbilicum
1793 2286 2114 2366 perducat.

227 2449 229 2452 ,
380 2385 552 2446 Haec
623 2385 678 2444 si
748 2390 926 2445 recte
980 2383 1264 2463 nihilque
1320 2381 1731 2467 praejudicati
1787 2383 2117 2445 afferentes

213 2485 670 2567 disputavimus
683 2528 703 2561 ,
765 2485 1025 2565 plan1m1
1078 2484 1227 2558 erit,
1273 2501 1413 2564 “quo
1470 2481 1611 2565 jure
1655 2484 2115 2567 negaverimus,

169 2585 509 2647 'Pollionis
566 2584 916 2666 tragoedias
974 2604 1279 2663 umquam
1331 2583 1400 2642 in
1457 2603 1643 2645 scena
1703 2605 1840 2646 esse
1897 2585 2116 2644 editas,

212 2685 427 2765 Atque
482 2684 632 2745 huic
689 2684 1033 2744 sententiae
1087 2689 1338 2743 nostrae
1411 2705 1539 2743 non
1595 2683 1756 2743 nihil
1812 2683 2119 2744 momenti

215 2781 459 2867 adjicit,
519 2784 691 2863 quod
745 2784 982 2842 nullius
1040 2782 1402 2865 tragoediae
1445 2803 1482 2843 a
1523 2782 1808 2843 Pollione
1851 2782 2119 2861 scriptae

218 2891 281 2946 et
334 2883 574 2944 Romae
632 2882 748 2941 sub
805 2882 1087 2965 Augusto
1133 2879 1413 2965 ejusque·
1442 2882 1905 2943 successoribus
1949 2886 2121 2940 actae

217 2983 528 3045 memoria
584 2981 765 3062 “apud
831 2983 1037 3041 ullum
1095 2982 1466 3062 scriptorem
1520 2981 1843 3043 invenitur
1860 3026 1879 3058 ‚
1952 2980 2123 3061 quod

218 3083 648 3165 Quintilianus
701 3080 881 3139 illum
939 3087 1200 3163 propter
1257 3081 1606 3164 tragoedias
1674 3101 1758 3141 ne
1815 3083 2125 3139 memorat

223 3184 524 3264 quidem,
549 3195 551 3197 ’
577 3180 816 3241 nedum
856 3180 1104 3257 laudat,
1152 3187 1344 3260 atque
1387 3181 1562 3260 quod
1603 3179 1841 3240 Auctor
1882 3179 2122 3258 Dialog-

222 3284 303 3343 de
361 3281 566 3342 Oratt.
625 3299 680 3342 c.
731 3280 835 3340 21.
895 3299 1026 3339 non
1081 3280 1170 3341 ita
1225 3278 1570 3340 honorifice
1611 3279 1696 3339 de
1737 3279 1826 3339 eis
1872 3275 2123 3360 judicat.

227 3382 470 3458 Quibus
514 3382 594 3442 de
637 3378 870 3441 caussis
900 3378 1348 3439 discessionem
1389 3378 1556 3438 mihi>
1589 3376 1944 3438 faciundam
1989 3393 2124 3434 esse

226 3481 591 3545 existimavi
647 3499 792 3541 cum
848 3497 887 3539 a
946 3475 1248 3554 Grysario
1264 3522 1285 3554 ,
1346 3478 1454 3557 qui
1494 3477 1561 3536 in
1604 3477 1852 3559 egregia
1892 3474 2125 3552 Dispu-

230 3579 463 3642 tatione
510 3579 591 3641 de
619 3579 676 3638 T
678 3578 899 3639 heatro
926 3575 1110 3636 Rom.
1154 3576 1224 3635 in
1258 3575 1537 3654 Allgem.
1570 3576 1818 3635 Schulz.
1857 3593 1914 3632 a.
1937 3572 2123 3631 1832.
