2236 3932
703 178 710 183 ·
789 164 1126 208 Excunsus
1169 166 1234 207 v.
1830 147 1958 208 339

76 306 320 367 tertiam
371 302 458 365 M.
519 302 775 362 Antonii
833 299 1197 384 conjugem,
1267 303 1480 381 quam'
1525 299 1651 360 suis
1722 299 1955 360 artibus

76 406 391 488 exegisset
432 403 684 477 Fulvia,
735 401 928 460 altera
969 420 1169 475 uxor,
1224 399 1290 458 in
1331 406 1575 481 tempus
1617 400 1955 480 repudiata,

73 505 184 564 sed
229 525 383 564 mox
426 503 699 563 reducta.
786 498 867 558 At
894 499 1299 559 Plutarchum
1337 519 1390 559 c.
1421 499 1484 559 9.
1519 497 1572 559 si
1616 498 1956 579 sequimur,

75 603 348 663 Antonia
393 600 641 662 dimissa
684 603 782 658 est
834 617 999 658 anno
1040 598 1113 657 U.
1159 596 1226 658 C.
1272 600 1451 670 707„
1509 619 1634 679 quo
1677 618 1843 658 anno
1885 596 1957 657 P.

74 702 402 762 Dolabella
445 699 767 758 Tribunus
810 698 894 778 pl.
942 704 1108 772 erat,
1153 702 1220 756 et
1244 696 1465 758 Fulvia
1495 700 1750 758 demum
1779 697 1961 757 ducta

74 821 242 861 anno
284 801 357 860 U.
401 798 471 860 C.
510 797 659 858 708.
677 840 699 871 ,
743 802 813 856 ut
852 796 1019 856 idem
1060 795 1429 856 Plutarchus
1472 817 1526 857 c.
1546 797 1663 873 10.
1710 799 1960 857 attesta-

74 906 199 959 tur.
286 897 445 958 Eam
479 897 677 978 ipsam
702 895 992 958 Fulviam
1034 902 1187 976 puto
1231 894 1565 976 significari
1593 915 1630 956 a
1661 895 1962 956 Cicerone

0 1026 1 1080 ἦ
75 997 343 1079 Philipp.
368 996 456 1056 II.
495 1017 549 1058 c.
583 997 688 1056 38.
734 995 975 1058 verbis:
1022 1038 1069 1068 „
1088 993 1230 1054 cde‘a
1262 979 1628 1054 conditione
1667 993 1964 1077 quaesita

0 1087 2 1111 ¹
77 1107 138 1157 et
180 1107 335 1156 ante
366 1100 807 1179 perspecta“‚
865 1095 1015 1156 licet
1069 1093 1390 1154 dissentiat
1430 1092 1548 1154 Im.
1594 1093 1671 1154 G.
1715 1094 1964 1155 Husch-

76 1197 224 1257 kius
279 1197 348 1256 in
405 1196 680 1255 Analect.
725 1193 945 1254 Litter.
1002 1216 1059 1275 p.
1114 1194 1238 1253 312
1282 1206 1374 1273 sq.
1430 1193 1626 1253 multa
1684 1190 1965 1254 doctrina

80 1297 375 1357 connisus
422 1295 728 1376 probare,
772 1293 878 1354 illa
909 1295 1107 1356 verba
1150 1294 1228 1353 ad
1258 1291 1664 1371 Cytheridem
1705 1293 1966 1352 mimam

77 1394 407 1456 referenda
450 1413 608 1454 esse.
698 1394 780 1453 At
807 1392 1094 1473 quamvis
1139 1392 1327 1455 sciam
1345 1435 1364 1468 ‚
1399 1392 1812 1468 Ciceronem,
1856 1392 1967 1450 ubi

81 1496 161 1555 de
188 1493 273 1554 Μ.
307 1492 559 1554 Antonii
602 1499 668 1553 et
699 1491 1050 1571 Cytheridis
1083 1491 1264 1567 istius
1301 1491 1618 1552 amoribus
1651 1493 1965 1571 loquatur,

77 1594 386 1656 invidiose
426 1592 521 1652 uti
561 1592 775 1654 verbis
816 1590 1078 1675 legitimi
1119 1591 1447 1668 connubii,
1491 1597 1554 1651 et
1582 1612 1766 1673 posse
1794 1590 1969 1651 illam

78 1693 495 1755 locutionemt
539 1690 966 1752 conditionem
998 1711 1302 1772 quaerere
1337 1691 1523 1751 etiam
1569 1692 1648 1752 de
1692 1691 1968 1773 innuptis

79 1793 310 1875 nuptiis
366 1793 595 1874 accipi3
656 1799 868 1852 tamen
910 1789 1321 1852 vehementer
1362 1790 1581 1852 dubito
1596 1837 1615 1868 ,
1675 1812 1830 1851 1111111
1867 1811 1971 1853 res

82 1913 155 1954 ac
198 1899 484 1974 tempora
525 1892 761 1968 ferant,
804 1897 878 1951 ut
921 1891 1000 1951 de
1044 1890 1164 1950 alia
1207 1910 1399 1970 quam
1443 1891 1523 1951 de
1556 1889 1780 1953 Fulvia
1808 1893 1972 1976 cogi-

82 2000 271 2054 tetur.
371 1992 526 2052 Mihi
567 1992 819 2053 videtur
858 1989 946 2051 M.
986 1989 1328 2067 AntoniuS‚'
1381 1990 1652 2052 Antonia
1693 1993 1974 2052 nondum

83 2092 369 2170 dimissa,
442 2089 571 2175 jam
626 2111 770 2153 cum
828 2090 1164 2170 Cytheride
1219 2091 1653 2168 consuevisse,
1714 2098 1778 2153 et
1831 2098 1976 2173 post

83 2191 426 2254 divortium
480 2211 627 2252 cum
680 2211 895 2252 sorore
938 2191 1210 2272 patrueli
1251 2190 1482 2252 factum
1524 2191 1700 2252 istius
1744 2192 1974 2252 mimae

81 2292 283 2352 amori
325 2308 394 2353 se
435 2298 641 2352 totum
685 2290 930 2352 dedisse
974 2297 1040 2351 et
1069 2291 1290 2351 uxoris
1321 2290 1462 2351 loco
1492 2310 1632 2351 eam
1662 2291 1974 2369 habuisse,

83 2391 288 2452 donec
330 2392 610 2451 animum
640 2390 984 2471 applicaret
1014 2393 1092 2451 ad
1126 2390 1479 2472 legitimum
1505 2390 1979 2451 matrimonium

85 2511 230 2552 cum
274 2489 522 2567 Fulvia,
582 2491 819 2551 dudum
874 2489 993 2550 sibi
1050 2490 1294 2571 cognita
1350 2510 1422 2550 ac
1464 2495 1824 2572 perspecta,
1879 2488 1980 2548 in-

24 2628 25 2634 1
83 2592 381 2651 eundum.
460 2590 598 2651 Huc
637 2596 925 2671 spectant
947 2590 1141 2651 verba
1168 2589 1482 2651 Plutarchi
1510 2610 1562 2652 c.
1598 2591 1730 2650 10.:
1779 2588 1980 2648 Ἆπαλ-

23 2687 26 2727 ’ἶ
86 2694 269 2767 λαγεὶς
304 2692 410 2768 γὰρ
446 2691 624 2750 ἕκείνε
650 2696 719 2748 τὲ
741 2691 839 2763 βί3
879 2689 970 2767 (11.
1002 2710 1057 2750 e.
1090 2688 1331 2750 famosa
1360 2689 1807 2751 consuetudine
1838 2711 1981 2750 oum

90 2789 461 2869 Cytheride)
505 2789 662 2866 γάμῳ
712 2794 986 2868 προσέσχε
1047 2791 1297 2862 ‹Del-stim
1348 2789 1684 2867 ἀγαγόμενος
1733 2814 1781 2846 κ.
1833 2814 1879 2847 τ.
1927 2793 1977 2846 λ.

88 2889 159 2950 Id
203 2896 415 2951 autem
458 2887 698 2951 factum
742 2897 839 2951 est
866 2890 1036 2953 Julio
1085 2890 1352 2951 Caesare
1394 2909 1481 2951 ex
1511 2888 1720 2950 Africa
1765 2908 1981 2950 mense

91 2989 348 3065 Quintili
376 3009 633 3051 reverso
667 2991 817 3049 anni
845 2990 916 3050 U.
950 2989 1018 3051 C.
1049 2991 1196 3051 708.
1286 2990 1503 3071 Itaque
1547 3011 1675 3051 non
1709 2988 1983 3050 Antonia

89 3087 271 3148 tertia
312 3087 430 3149 fuit
472 3088 558 3148 M.
605 3089 858 3150 Antonii
901 3110 1104 3166 uxor,
1153 3091 1264 3151 sed
1904 3118 1910 3123 “

257 3187 371 3248 III.
419 3188 692 3265 Fulvia,
738 3188 824 3249 M.
873 3188 1075 3250 Fulvii
1122 3187 1547 3250 Bambalionis
1586 3187 1730 3248 filia.
1820 3185 1990 3248 Gens

32 3297 33 3305 ’
89 3285 328 3364 Fulvia,
360 3288 436 3347 ad
462 3308 649 3369 quam
668 3287 1026 3369 pertinebat
1045 3288 1388 3366 Bambalio,
1425 3287 1699 3349 Tusculo
1726 3286 1990 3347 oriunda

89 3384 241 3446 fuit:
311 3405 459 3446 nam
516 3386 591 3448 L.
647 3388 904 3449 Fulvius
959 3386 1204 3449 Corvus
1262 3387 1401 3450 Cos.
1471 3408 1527 3448 a.
1584 3386 1654 3447 U.
1715 3386 1785 3447 C.
1843 3386 1988 3446 431.

91 3485 368 3546 Tusculo
411 3485 674 3547 Romam
716 3487 1131 3570 migraverat,
1177 3494 1335 3549 teste
1372 3487 1575 3548 Plinio
1602 3485 1674 3546 N.
1704 3485 1779 3545 H.
1810 3482 1988 3545 Libr.

36 3608 38 3671 2
85 3583 223 3644 vll.
295 3606 349 3647 c.
422 3587 563 3663 43„
654 3592 721 3647 ut
789 3587 971 3648 docet
1037 3585 1277 3649 Merula
1344 3589 1421 3649 ad
1490 3586 1677 3646 Ennii
1742 3584 1991 3667 Fragm.

1476 3688 1557 3747 22
1610 3687 1641 3720 ’³¹‘
