2236 3932
249 122 372 181 3⁴10
749 189 751 191 ¹
832 143 912 182 DE
958 141 1182 180 CAssm
1228 141 1588 180 PARMENSI.

251 275 650 355 Lampridius
703 276 772 336 in
839 275 1186 335 Commodo
1245 293 1302 334 3.
1349 277 1410 334 7.
1469 282 1777 335 memorat
1821 276 2132 354 Lacejum

263 374 667 455 Torquatum
709 371 1134 432 Consularem}

420 471 589 532 Haec
610 516 626 544 ‚
686 488 849 548 quae
903 489 1046 529 cum
1103 471 1475 551 scriptorum
1525 478 1813 534 veterum
1853 473 2137 533 testimo-

251 569 371 629 niis
412 570 668 628 innixus
711 573 846 632 tum
884 564 1278 649 conjecturae
1320 570 1660 650 probabilis
1702 570 1805 631 via
1846 584 2138 652 progres—

253 688 358 728 sus
412 666 774 726 summatim
830 665 933 725 hic
993 668 1296 746 exposui,
1369 688 1473 728 me
1526 666 1655 750 jam
1710 675 1857 728 ante
1911 670 2140 729 multos

254 785 451 825 3111135
507 764 574 823 111
631 784 773 824 eam
830 763 1232 825 deduxerunt
1286 767 1690 842 sententiam,
1760 773 1832 826 ut
1891 768 2136 826 Theod.

252 862 603 923 Marcilium
637 884 775 923 rem
817 883 934 924 acu
975 864 1254 946 tetigisse
1281 870 1570 945 putarem
1587 908 1606 940 ,
1652 867 1760 945 qui
1803 868 1968 946 apud
2011 867 2158 925 Hc*

252 962 485 1022 ratium
533 963 598 1023 G.
628 961 701 1024 N
697 961 916 1022 onium
957 961 1399 1044 Asprenatem
1439 967 1843 1044 Torquatum
1882 965 2142 1025 invenit.

252 1060 423 1121 Haec
475 1058 831 1143 conjectura
872 1062 1152 1123 breviter
1192 1082 1340 1123 53113
1384 1063 1727 1144 perscripta
1774 1083 1811 1123 a
1858 1063 2142 1122 Marcilio

254 1180 384 1220 non
415 1165 548 1220 erat
577 1161 748 1241 quod
773 1167 899 1221 tam
929 1162 1151 1242 supine
1176 1159 1546 1243 rejiceretur
1572 1181 1608 1221 3
1637 1162 1923 1238 Dacerio‚
1969 1160 2145 1220 Wie-

251 1258 475 1336 lando,
529 1260 696 1336 aliis,
754 1279 902 1320 cum
954 1261 1023 1320 111
1065 1267 1334 1340 utroque
1375 1260 1614 1321 Horatii
1660 1261 1935 1321 carmine
1977 1259 2148 1329 haud

252 1377 452 1438 pauca
510 1358 900 1439 reperiantur
916 1406 934 1437 ‚
1009 1378 1170 1441 quae
1221 1359 1282 1420 ei
1323 1358 1653 1420 mirificam
1694 1360 1826 1421 vim
1870 1366 1932 1420 et
1974 1379 2148 1419 com-

254 1458 728 1519 mendationem
792 1459 1141 1520 concilient.
1244 1460 1335 1520 Ac
1377 1459 1656 1539 primum
1697 1459 1957 1539 quidem
1999 1457 2149 1517 sim-

255 1556 411 1637 plex
443 1556 767 1640 Torquati
791 1578 1059 1635 nomen,
1105 1579 1234 1639 quo
1274 1559 1381 1618 ille
1410 1559 1487 1618 ab
1525 1557 1785 1619 Horatio
1825 1559 2150 1632 salutatur,

255 1676 370 1736 per
423 1655 803 1733 ὑποκορισμὸν
860 1658 1199 1737 quemdam
1265 1657 1506 1718 dictum
1562 1676 1733 1733 esse,
1805 1655 1876 1716 in
1939 1655 2153 1737 aprico

256 1761 373 1815 est.
462 1755 724 1817 Tulerat
776 1756 930 1816 illud
983 1756 1222 1818 Nonius
1263 1776 1425 1838 puer
1468 1757 1546 1817 ab
1591 1756 1911 1839 August0‚
1974 1751 2153 1836 cujus

257 1855 455 1937 gratia
497 1861 562 1916 et
604 1854 875 1916 amicitia
922 1875 1091 1916 1111113
1134 1856 1235 1918 vir
1275 1855 1477 1917 factus
1522 1855 1870 1939 gaudebat,
1928 1859 1990 1914 31
2031 1853 2155 1912 1111-

256 1955 430 2015 nime
486 1955 747 2015 dubium
802 1960 898 2015 est
952 1955 1110 2035 quin
1159 1956 1316 2015 illud
1375 1958 1455 2016 ab
1516 1954 1808 2016 omnibus
1823 1998 1843 2031 ‚
1922 1952 2154 2033 quibus

259 2054 465 2136 aliqua
508 2075 652 2116 cum
693 2054 966 2137 Augusto
1010 2060 1076 2137 et
1098 2053 1301 2115 Nonio
1344 2054 1744 2115 necessitudo
1778 2059 1973 2129 esset,
2019 2072 2155 2113 ser-

257 2175 448 2217 mone
490 2152 784 2215 familiari
814 2153 1344 2235 frequentaretur.
1432 2153 1642 2234 Quare
1674 2152 1966 2213 Horatius
2002 2172 2159 2232 quo-

259 2274 383 2336 que
437 2255 506 2314 in
563 2252 841 2336 Epistola
902 2259 967 2314 et
1011 2251 1179 2330 Oda,
1240 2273 1396 2333 quas
1437 2252 1638 2313 Nonio
1685 2252 1776 2312 illi
1816 2251 2156 2332 inscripsit,

259 2353 486 2414 blande
545 2352 882 2436 agnomine
924 2353 1032 2413 illo
1075 2373 1225 2412 usus
1269 2358 1383 2414 est.
1470 2352 1714 2412 Deinde
1757 2369 2156 2432 quocumque

263 2473 430 2514 anno
489 2452 761 2514 Nonium
815 2457 1037 2512 natum
1081 2471 1220 2513 esse
1261 2451 1555 2533 ponimus
1569 2495 1588 2527 ‚
1661 2450 1727 2511 id
1768 2457 1977 2510 tamen
2022 2469 2160 2510 cer-

175 2540 177 2543 ’
261 2558 398 2614 111111
441 2559 532 2613 351
573 2558 761 2633 atque
804 2551 1061 2614 evidens
1079 2594 1098 2627 ,
1159 2570 1306 2611 eum
1348 2551 1586 2632 aliquot
1628 2550 1805 2611 annis
1845 2549 2162 2609 minorem

262 2651 458 2714 fuisse
501 2672 691 2733 quam
731 2651 1081 2712 Horatium.
1166 2650 1327 2711 Nam
1367 2658 1441 2710 ut
1482 2669 1562 2710 ne
1591 2640 1919 2732 urgeamus
1934 2691 1954 2724 ,
2000 2664 2162 2727 quae

268 2771 460 2835 supra
520 2753 600 2811 de
659 2771 854 2829 311113,
924 2771 1050 2832 quo
1113 2770 1262 2811 eum
1317 2769 1457 2810 crus
1516 2747 1775 2831 fregisse
1825 2746 2163 2810 verisimile

267 2851 384 2928 sit,
441 2850 892 2932 disputavimus
908 2894 927 2927 ‚
984 2849 1312 2930 utriusque
1356 2848 1646 2910 carminis
1688 2846 2022 2908 Horatiani·
2059 2867 2164 2906 ar-

267 2956 634 3035 gumentum
689 2950 1020 3030 perspicue
1082 2949 1300 3024 dccet,
1372 2947 1602 3009 Poetae
1670 2947 1967 3008 scribenti
2021 2967 2164 3006 rem

271 3070 408 3112 esse
451 3069 599 3111 cum
639 3048 777 3111 viro
819 3044 1071 3130 juvene.
1157 3047 1378 3108 Plures
1421 3053 1635 3107 autem
1667 3045 1989 3127 Epistolae
2032 3046 2165 3106 Ho-

270 3149 412 3211 ratii
467 3154 767 3210 testatum
822 3146 1093 3226 faciunt,
1167 3140 1362 3228 quam
1432 3150 1685 3226 accepta
1751 3165 1824 3206 ac
1891 3143 2166 3228 jucunda

273 3247 395 3331 ipsi
449 3247 639 3309 fuerit
693 3249 1071 3309 consuetudo
1131 3267 1277 3307 cum
1331 3246 1688 3306 hominibus
1747 3246 1913 3326 apud
1954 3244 2168 3324 Augu-

244 3353 443 3408 ·stum
497 3345 778 3430 gratiosis
835 3351 896 3405 et
953 3367 1143 3427 quam
1200 3364 1389 3428 saepe
1443 3365 1515 3406 ac
1573 3345 1864 3404 lubenter
1921 3345 2003 3404 ad
2057 3361 2167 3401 eos

276 3447 591 3528 scripserit
609 3491 630 3524 ,
673 3467 802 3508 11311
844 3466 971 3527 quo
1015 3466 1127 3507 eos
1172 3447 1465 3507 edoceret
1505 3444 1745 3507 adeove
1788 3444 1869 3504 de
1911 3439 2169 3503 stultitia

276 3546 516 3610 urbane
558 3550 1018 3623 commoneret,
1083 3546 1196 3607 sed
1236 3551 1319 3608 ut-
1348 3544 1467 3608 hac
1508 3543 1786 3623 ratione,
1835 3541 1988 3624 quid
2027 3539 2164 3622 ipse
