2236 3932
245 103 369 164 280
832 126 913 167 nn
960 126 1184 168 cAssio
1229 125 1592 169 PARMENsl.

248 258 520 337 accedit,
593 260 703 320 sed
772 261 961 320 etiam
1019 263 1290 321 multmn
1360 263 1748 325 obscuritatis
1816 266 2138 343 sublatum

248 359 586 420 evanescit.
684 359 919 420 Mallia
976 352 1139 439 quae
1190 360 1308 433 sit,
1385 366 1865 424 controversum
1893 415 1895 417 ,
1924 340 2031 425 θεῖι
2074 374 2141 425 et

247 460 718 538 perobscurum.
835 457 1026 519 Teste
1096 458 1253 539 Just.
1322 460 1611 541 Rycquio
1685 464 1764 523 de
1839 463 2143 545 Capitolio

246 558 428 618 Rom.
475 579 528 617 c.
561 557 664 616 46.
708 577 774 635 p.
804 556 948 615 547.
992 556 1247 617 fuerunt
1276 559 1386 638 qui
1426 560 1813 640 pro'MaIle'a
1840 562 1962 644 legi
1986 565 2146 622 mal-

247 659 380 717 lent
438 653 735 730 Manlia,
806 655 1266 733 existimantes,
1339 678 1549 719 arcem
1608 661 2022 741 Capitolinam
2065 663 2144 721 ab

247 757 482 816 Manlio
540 749 774 813 dictam
826 751 1017 815 fuisse
1070 755 1430 834 Manliam,
1489 765 1550 819 et
1591 759 1837 836 locum,
1905 761 1975 820 in
2018 783 2149 841 quo

248 875 442 915 coena
486 856 842 922 δωδεκάθεος
900 855 1343 935 praeberetur,
1425 854 1660 917 factum
1714 860 1794 918 ad
1838 860 2001 920 illius
2046 879 2147 920 ar-

247 955 333 1014 cis
376 954 667 1014 formam.
753 954 912 1015 Eam
955 954 1320 1034 opinionem
1361 956 1651 1035 quamvis
1691 978 1922 1019 vanam
1966 979 2150 1020 secu-

197 1063 210 1078 *
246 1060 347 1112 tus
391 1053 824 1114 Bernsteinius
867 1054 911 1114 l.
946 1073 1000 1114 c.
1044 1075 1107 1134 p.
1141 1053 1244 1112 52.
1286 1055 1702 1134 perridicule,
1771 1078 1855 1117 ne
1899 1059 2150 1140 gravius

247 1152 398 1231 quid
455 1152 696 1230 dicam,
755 1154 835 1213 de
879 1152 1190 1233 Capitolio
1233 1153 1369 1233 ipso
1413 1154 1641 1234 accipit
1684 1175 1964 1236 suaeque
2007 1177 2152 1217 sen-

248 1251 484 1311 tentiae
540 1252 888 1311 subsidium
930 1253 1158 1333 repetit
1214 1273 1251 1313 e
1307 1274 1401 1314 Vs.
1447 1252 1508 1313 5.
1553 1259 1620 1314 et
1661 1255 1723 1314 6.
1825 1254 2153 1315 Ernestius

252 1371 397 1410 cum
455 1351 594 1411 aliis
651 1351 946 1434 intelligit
997 1371 1271 1433 uxorem
1330 1352 1585 1434 choragi
1633 1353 1676 1412 i.
1721 1374 1779 1414 e.
1826 1351 2153 1415 Octaviani

251 1450 690 1512 convivatoris·
810 1450 890 1511 Et
948 1456 1111 1511 erat-
1144 1471 1272 1532 quo
1328 1471 1446 1534 ego
1502 1473 1758 1534 quoque
1815 1453 2155 1535 cogitarem

250 1549 330 1608 de
359 1546 579 1627 Livia,
625 1571 818 1631 (suam
847 1551 989 1628 ifle,
1033 1555 1194 1611 teste
1216 1549 1422 1610 Dione
1455 1550 1625 1612 Cass.
1653 1551 1832 1612 Libr.
1857 1551 2154 1612 XLVIII.

251 1666 306 1708 c.
336 1649 477 1725 43„
542 1650 611 1708 in
664 1650 1139 1711 matrimonium
1194 1651 1462 1710 duxerat
1503 1670 1556 1710 a.
1598 1650 1792 1712 U.-.c.
1827 1652 1976 1712 716.
2061 1651 2156 1712 Ea

250 1746 443 1829 igitur
497 1746 615 1810 fuit
669 1746 799 1832 jam
851 1750 1020 1810 illius
1090 1769 1260 1809 uxor
1312 1769 1390 1810 eo
1444 1755 1772 1831 tempore,
1844 1772 1974 1832 quo
2033 1750 2158 1812 hoc

252 1847 640 1930 epigramma
695 1854 1029 1910 exaratum
1082 1867 1218 1911 esse
1261 1867 1454 1930 supra
1494 1849 1814 1910 admonui.
1898 1849 2159 1911 Accedit

253 1948 425 2028 quod
466 1946 739 2009 Mallae'ae
779 1953 845 2009 et
894 1946 1120 2007 Liviae
1153 1947 1414 2008 nomina
1439 1948 1559 2008 sibi
1584 1949 1862 2012 invicem
1890 1969 2158 2030 respon-

249 2048 404 2108 dent
448 2066 716 2108 numero
761 2053 823 2109 et
866 2047 1213 2128 quantitate
1255 2047 1668 2125 syllabarum:
1733 2070 1926 2130 quam
1968 2069 2157 2131 regu-

250 2148 382 2208 lam
447 2147 518 2207 in
588 2147 923 2208 nominum
989 2147 1455 2228 permutatione
1522 2167 1560 2207 a
1629 2149 1838 2229 poetis
1911 2146 2179 2221 Latinis

254 2247 652 2308 observatam
707 2266 877 2324 esse,
952 2247 1102 2308 satis
1158 2251 1378 2306 notum
1434 2252 1548 2308 est.
1643 2247 1723 2307 At
1782 2248 1956 2307 nulla
2008 2246 2158 2329 fingi

253 2346 726 2429 excogitarique
768 2351 980 2428 potest
1019 2345 1216 2422 ratic,
1263 2346 1346 2405 ob
1391 2366 1582 2427 quam
1623 2346 1804 2406 istius
1845 2346 2158 2428 epigram-

252 2445 435 2505 matis
523 2445 788 2526 scriptor
803 2489 822 2522 ,
936 2446 1218 2526 quisquis
1302 2452 1440 2506 erat
1453 2489 1473 2523 ,
1558 2446 1830 2507 voluerit
1912 2445 2159 2506 Liviam

249 2543 406 2609 ficto
440 2545 654 2626 potius
697 2566 891 2626 quam
933 2552 1108 2606 recto
1154 2545 1365 2606 dicere
1406 2545 1666 2606 nomine
1684 2587 1704 2621 ,
1777 2565 1926 2605 cum
1971 2543 2160 2604 Octa·-

252 2644 510 2707 vianum
563 2651 714 2704 noto
781 2643 1080 2706 Caesaris
1134 2644 1392 2704 nomine
1447 2643 1858 2725 prostituerit.
1946 2643 2159 2724 Quare

252 2743 484 2804 rectius
527 2743 632 2803 alii
672 2743 951 2804 Malliam
993 2743 1189 2805 fuisse
1232 2745 1626 2824 suspicantur
1679 2742 2158 2824 pantomimum,

253 2843 324 2903 in
383 2838 559 2923 cujus
618 2842 808 2904 domo
864 2844 984 2904 ista
1043 2863 1240 2905 coena
1290 2843 1742 2903 institueretur.
1853 2840 2160 2903 Convenit

255 2942 380 3003 hoc
421 2940 792 3003 libidinosae
837 2941 1169 3005 Octaviani
1224 2942 1428 3018 vitae,
1504 2939 1680 3024 cujus
1719 2939 1980 3001 infamia
2022 2946 2159 3001 tum

255 3040 588 3123 adspersus
646 3046 828 3101 esset.
947 3041 1224 3102 Malliae
1280 3042 1546 3102 libertae
1597 3060 1835 3102 nomen
1893 3040 2158 3102 obvium

252 3146 347 3203 est
379 3141 446 3200 in
473 3139 768 3220 Inscript.
800 3160 899 3221 ap.
934 3140 1187 3202 Gruter.
1220 3142 1364 3202 984.
1400 3143 1459 3201 2.
1492 3174 1579 3188 --
1623 3139 1851 3200 Caesar
1869 3136 2159 3200 Octavia·-

255 3261 375 3301 nus
422 3237 669 3300 Phoebi
703 3239 1047 3299 mendacia
1090 3239 1276 3317 ludit,
1321 3239 1389 3299 h.
1433 3260 1491 3301 e.
1534 3238 1867 3300 Phoebum
1909 3258 1980 3298 se
2012 3255 2159 3298 ‹esse

252 3360 369 3421 per
425 3339 650 3398 ludum
707 3337 1029 3398 scenicum
1085 3339 1378 3415 simulat,
1454 3345 1518 3399 et
1576 3347 1805 3399 coenat
1859 3336 2159 3396 divonem

257 3435 616 3513 adulteria,
669 3435 735 3497 h.
781 3456 840 3497 e.
883 3437 951 3495 in
1004 3458 1199 3499 coena
1242 3437 1548 3522 adulteria
1591 3436 1910 3517 exprimit.
1993 3433 2157 3513 Apte

255 3536 591 3599 Paldamus
631 3534 700 3595 in
745 3533 1045 3596 Seebodii
1103 3542 1164 3596 et
1204 3535 1419 3598 Jahnii
1460 3535 1616 3599 Nov.
1659 3535 1886 3600 Annal.
1927 3532 2046 3594 111.
2091 3533 2155 3595 3.
