2236 3932
651 211 732 251 ns
777 208 1001 252 cAssto
1047 205 1413 248 rAnmENsn
1740 219 1743 222 <
1823 185 1974 253 „243

82 350 546 433 Epigrammata
587 345 848 426 intelligi
888 345 1129 405 maluit.
1222 342 1380 404 Nam
1421 339 1546 400 nisi
1585 339 1977 400 intellexeris

83 449 328 531 Elegias
369 465 600 526 easque
642 444 1010 519 amatorias,
1071 446 1244 506 nulla
1284 439 1607 524 apparebit
1647 439 1804 499 ratio
1819 448 1840 515 ¹,
1892 441 1975 501 ob

86 568 279 628 quam
321 546 446 605 dici
486 543 760 624 potuerit
803 543 1091 603 Tibullus
1133 543 1270 604 ruri
1321 541 1387 601 id
1429 559 1648 622 agere,
1718 544 1789 597 ut
1829 536 1979 598 Cas-

83 648 247 706 simn
275 645 678 704 Parmensem
708 642 1057 702 carminum
1077 639 1456 723 praestantia
1492 637 1716 698 vincat.
1774 635 1981 718 Atque

84 746 152 805 iu
181 745 400 806 eadem
427 740 751 816 sententia,
782 748 1037 821 praeter
1056 741 1460 802 W'ielandum
1487 742 1554 798 et
1581 737 1704 796 Th.
1730 734 1983 798 Schmi-

85 845 293 918 dium,
365 840 788 922 Epistolarmn
847 840 1063 900 Horat.
1122 839 1447 915 EditoreS,
1522 856 1777 898 mecum
1846 855 1983 898 esse

88 943 275 1004 video
332 941 409 1001 A.
456 939 787 999 Matthiam
843 939 944 999 in:
1024 940 1314 1001 Grtmdr.
1359 939 1424 999 d.
1475 934 1703 999 Gesch.
1748 935 1815 995 d.
1865 936 1982 997 Gr.

84 1064 152 1101 τι.
193 1042 392 1102 Βόιη.
437 1038 806 1099 Litteralur
849 1061 913 1119 p.
951 1038 1096 1099 186.
1141 1039 1243 1098 ed.
1289 1039 1351 1098 3.
1396 1043 1460 1097 et
1500 1035 1578 1094 Η.
1610 1034 1983 1096 Paldamum

84 1142 153 1200 in
195 1138 541 1200 Ro‘misclae
581 1136 811 1199 Erotilc
854 1159 917 1219 p.
953 1139 1094 1213 76.,
1138 1137 1249 1217 qui
1278 1136 1473 1196 etiam
1500 1133 1811 1195 Huschkii
1843 1134 1986 1196 ille-

85 1241 234 1321 pida
277 1244 636 1301 commenta
689 1237 758 1296 iu
798 1237 970 1296 Diar.
1014 1236 1238 1298 Litter.
1281 1234 1459 1316 Lips.
1502 1233 1687 1311 1825.
1730 1233 1804 1295 N.
1838 1234 1984 1297 237.

85 1339 408 1421 proposita
450 1338 618 1397 haud
660 1336 979 1396 inmlerito
1023 1336 1317 1418 exagitat.

259 1438 342 1497 At
385 1443 569 1498 erunt
595 1435 860 1496 fortasse
903 1435 1014 1515 qui
1059 1435 1299 1509 dicant,
1342 1430 1720 1493 Scholiastas
1750 1438 1989 1493 tantmn

88 1537 463 1599 Horatianos
519 1536 599 1595 de
668 1534 863 1595 Cassii
915 1532 1271 1594 Parmensis
1342 1531 1643 1613 operibus
1702 1530 1991 1614 elegiacis

88 1637 482 1698 mentionem
538 1632 779 1708 facere,
852 1651 1061 1712 neque
1119 1651 1342 1692 eorum
1400 1629 1591 1691 fidem
1636 1651 1774 1691 esse
1818 1629 1990 1712 ejus-

87 1735 295 1812 modi,
352 1735 421 1795 in
464 1753 588 1814 qua
630 1732 1028 1813 acquiescere
1070 1731 1405 1813 possimus.
1494 1730 1739 1811 Quibus
1781 1738 1991 1792 autem

88 1855 253 1917 quae
294 1835 751 1914 respondeam,
794 1852 923 1892 non
967 1833 1219 1893 destult.
1307 1828 1381 1891 Si
1425 1830 1599 1891 enim
1625 1831 1816 1911 paulo
1847 1837 1991 1894 ante

91 1936 334 1996 ratione
389 1932 852 1996 evidentissima
910 1933 1408 1994 demonstratum
1467 1935 1598 2007 est,
1660 1930 1991 1991 Tibullum

89 2056 217 2096 non
259 2033 381 2095 nisi
429 2053 578 2095 cum
620 2038 808 2114 poeta
849 2033 1121 2115 elegiaco
1165 2051 1371 2112 eoque
1407 2029 1824 2112 praecellente
1857 2030 1994 2091 sine

90 2131 330 2196 offensa
372 2136 649 2214 potuisse
693 2133 1019 2213 componi,
1063 2133 1132 2192 in
1176 2131 1496 2208 confessu,
1543 2130 1806 2212 opinor,
1850 2131 1993 2209 erit,

91 2242 323 2295 testem
379 2234 460 2293 de
501 2231 735 2315 Elegiis
781 2231 1087 2293 Cassianis
1142 2238 1207 2293 et
1262 2236 1591 2292 auctorem
1631 2230 1996 2311 locupletis-

92 2334 323 2395 simum
385 2334 607 2394 adesse
678 2331 885 2412 ipsum
943 2331 1306 2408 Horatium,
1381 2328 1559 2413 cujus
1618 2328 1773 2392 fides
1847 2350 1995 2391 cum

94 2433 379 2494 omnium
433 2432 704 2492 alienun
761 2430 1178 2511 scriptorum,
1251 2438 1391 2492 tum
1445 2429 1736 2511 inprimis
1780 2427 1995 2492 Ovidii

93 2533 343 2593 silentio
399 2530 663 2591 minime
703 2529 1132 2591 labefactetur.
1232 2529 1781 2607 Quemadmodum
1822 2530 1995 2592 enim

95 2631 621 2693 verisimillimum
695 2636 827 2704 est,
912 2629 1266 2690 tristissima
1340 2630 1456 2691 ista
1523 2636 1726 2706 sorte,
1800 2650 1995 2712 quam

95 2730 342 2792 Cassius
385 2728 740 2790 Parmensis
784 2727 1040 2788 Athenis
1082 2729 1347 2791 subiisse
1390 2727 1621 2807 fertur,
1665 2729 1854 2789 simul
1894 2730 1997 2789 in-

93 2830 263 2913 genii
305 2826 440 2912 ejus
487 2829 741 2889 laudem
785 2828 1259 2909 carminumque
1290 2829 1664 2890 memoriam
1708 2830 1999 2890 obrutam

96 2950 236 2990 esse
279 2949 352 2990 ac
398 2929 703 3002 ‹leletam3
777 2927 868 2987 ita
910 2927 1099 2988 etiam
1150 2927 1451 2990 credibile
1493 2929 1837 2990 admodum
1880 2934 1996 3003 est,

96 3026 235 3111 ejus
278 3029 671 3090 mentionem
715 3027 1000 3088 consulto
1026 3026 1538 3108 praetermissam
1571 3047 1706 3089 esse
1735 3028 1812 3088 ab
1843 3024 2002 3088 Ovi-

96 3128 202 3187 dio
246 3128 659 3202 subtimente‚
716 3147 799 3187 ne
853 3126 1015 3186 illius
1060 3127 1243 3187 laude
1282 3127 1350 3187 in
1389 3127 1656 3211 Augusti
1700 3123 1999 3188 ofsensio-

98 3247 243 3287 nem
288 3227 654 3287 incurreret.

950 3390 1001 3456 §.
1052 3383 1151 3445 12.

229 3523 383 3583 Nam
446 3521 695 3585 Cassius
750 3524 1139 3601 Parmensis»,
1205 3512 1352 3588 cum
1411 3545 1573 3585 unus
1618 3542 1702 3586 ex
1747 3538 2003 3607 percus-

99 3622 351 3684 floribus
412 3621 563 3684 Julii
620 3622 900 3686 Caesaris
945 3623 1194 3702 suisset,
1251 3626 1316 3687 in
1376 3645 1602 3706 magno
1660 3631 1847 3705 atque
1906 3623 2006 3684 in-

1478 3727 1556 3785 16
1585 3726 1614 3759 '²'
