2236 3932
186 162 267 222 84
773 180 854 220 nn
900 181 958 222 1..
989 179 1195 221 vamo
1242 164 1481 219 POETA.

266 316 400 391 Ne,
443 314 507 377 εἰ
523 314 717 398 forte
750 337 917 377 -suas
958 313 1304 397 repetitum
1343 312 1589 375 venerit
1630 313 1785 376 olim

275 416 454 478 Grex
495 415 721 476 avium
761 416 1020 498 plumas
1035 456 1060 490 ,
1094 422 1354 474 moveat
1392 413 1728 476 cornicula
1767 413 1978 476 risum

269 513 566 575 Furtivis
607 516 865 589 nudata
907 509 1245 573 coloribuS.

184 613 350 675 Ecce
391 613 709 697 Augustae
754 615 977 672 domus
1021 609 1347 671 hominem
1360 654 1381 690 ‚
1439 613 1550 695 qui
1589 611 2082 674 clarissimorum

187 713 416 775 scrinia
473 719 807 794 poetarum
862 719 993 770 tam
1049 709 1448 790 impudenter
1505 713 1896 793 expilaverat
1910 755 1931 790 ,
2012 717 2084 772 ut

183 813 506 888 HoratiuS,
564 808 876 870 liberioris
917 809 1137 890 utique
1178 814 1369 890 poeta
1411 811 1537 871 oris
1552 855 1572 889 ,
1627 812 1878 893 publice
1936 832 2084 872 eum

186 912 496 973 derideret
509 907 606 987 ⁶⁹).
690 907 821 970 Nec
861 908 1331 970 verecundioris
1373 907 1639 971 fortasse
1679 910 1909 972 frontis
1950 915 2087 972 erat

184 1011 305 1071 iste
363 1010 435 1085 Q.
494 1006 723 1067 Varus.
825 1005 889 1067 Is
946 1006 1294 1089 pinguioris
1348 1007 1498 1068 licet
1566 1007 1760 1071 homo
1825 1008 2086 1093 ingenii,

184 1116 397 1170 tamen
451 1107 767 1188 poeticam
823 1106 1028 1166 Asinii
1080 1106 1382 1167 Pollionis
1440 1113 1505 1167 et
1563 1106 1839 1169 Cornelii
1896 1108 2084 1188 Galli,

186 1206 547 1287 aequalium
595 1206 668 1266 in
711 1205 913 1267 Gallia
958 1205 1269 1287 Cisalpina
1310 1206 1466 1266 belli
1509 1206 1772 1283 ducum,
1831 1208 2088 1268 laudem

184 1306 447 1367 forsitan
501 1306 847 1368 aemulatus
863 1348 884 1382 ,
949 1311 1122 1366 tanto
1180 1305 1395 1365 minus
1439 1305 1836 1368 dubitaverat
1878 1307 2090 1366 oblata

187 1406 307 1465 sibi
351 1405 595 1486 scriptis
623 1404 1062 1466 innotescendi
1091 1405 1422 1466 occasione
1451 1405 1578 1482 uti,
1623 1410 1862 1485 quanto
1891 1405 2090 1487 magis

187 1500 443 1584 sperare
485 1509 817 1585 potuerat,
859 1502 1031 1582 fore,
1073 1510 1178 1580 ut,
1221 1509 1446 1564 necato
1487 1502 1701 1564 Cassio
1743 1502 2091 1580 Parmensi,

188 1609 392 1664 totam
433 1603 596 1665 hanc
637 1602 927 1663 fraudem
969 1622 1119 1663 suos
1165 1603 1396 1663 celaret
1439 1603 1750 1683 aequaleS.

363 1701 494 1764 Sed
550 1701 755 1762 omnis
810 1701 968 1762 haec
1023 1701 1392 1783 disputatio,
1465 1687 1702 1777 fateor.
1761 1701 2092 1782 opinabilis

191 1810 288 1863 est
345 1808 408 1862 et
464 1797 842 1883 conjecturis
897 1799 1145 1876 nititur,
1200 1801 1373 1861 ultra
1429 1821 1586 1881 quas
1628 1801 1928 1882 progredi
1968 1798 2094 1861 mil-

189 1902 361 1970 nime
404 1897 497 1960 fas
538 1905 658 1961 est.
757 1898 1074 1979 Quidquid
1121 1896 1256 1982 ejus
1297 1899 1393 1960 rei
1436 1905 1562 1976 est,
1627 1900 1695 1959 id
1735 1906 1953 1960 tamen
1992 1898 2095 1961 vi-

193 2002 373 2062 detur
415 2004 654 2060 certtun
695 2016 833 2059 esse
877 2003 1069 2078 atque
1096 1999 1355 2060 evidens
1373 2043 1393 2076 ,
1437 1997 1516 2058 L.
1543 1998 1805 2059 Varium
1828 1998 2092 2059 Poetam

191 2106 324 2159 tam
380 2097 571 2159 foedo
629 2097 837 2159 caedis
895 2096 1179 2179 furtique
1231 2098 1494 2159 crimine
1535 2097 1888 2158 immunem
1931 2117 2092 2158 esse.

195 2199 359 2275 Quid
402 2198 573 2259 enim
587 2241 607 2275 ,
651 2217 880 2260 verum
923 2197 978 2257 si
1019 2198 1315 2258 volumus
1342 2196 1562 2273 fateri,
1604 2197 1674 2257 in
1705 2196 2092 2260 Scholiasta-

193 2318 337 2357 rum
390 2297 751 2358 narratione
820 2297 983 2358 inest
998 2339 1020 2373 ,
1089 2297 1258 2378 quod
1312 2316 1431 2357 nos
1491 2293 1703 2381 jubeat
1761 2316 1835 2357 ac
1893 2296 2094 2358 veluti

198 2401 378 2478 cogat
432 2396 782 2478 intelligere
825 2395 1069 2456 Horatii
1114 2405 1181 2456 et
1221 2395 1469 2478 Virgilii
1514 2396 1784 2457 amicum
1825 2392 2091 2479 ejusque

197 2495 549 2573 Thyestem
577 2492 1005 2578 tragoediam?
1039 2494 1208 2555 Nihil
1223 2494 1537 2576 profecto!
1581 2495 1917 2556 Exstitisse
1946 2502 2093 2555 tan-

198 2601 333 2654 tum
355 2594 469 2672 isso·
508 2600 794 2674 tempore
834 2600 1098 2655 narrant
1141 2594 1350 2672 Quinti
1393 2594 1548 2655 Vari
1591 2591 1917 2678 cujusdam
1958 2600 2092 2654 tra-

200 2693 491 2776 gocdiam
543 2693 861 2772 Thyestae
902 2694 1164 2755 nomine
1222 2694 1614 2774 inscriptam,
1689 2714 1952 2774 eamque
2008 2715 2095 2754 ex

200 2794 651 2878 nonnullorum
682 2793 980 2874 opinione
1006 2814 1140 2853 non
1165 2793 1362 2875 ipsius
1387 2793 1575 2871 Vari,
1620 2794 1734 2854 sed
1762 2793 1969 2853 necati
2012 2793 2091 2852 ab

199 2912 277 2952 eo
323 2891 517 2953 Cassii
556 2890 913 2952 Parmensis
957 2893 1331 2973 opusculum
1374 2891 1592 2955 fuisse.
1697 2892 2095 2973 Quapropter

200 3012 331 3051 non
369 2990 640 3050 multum
682 2990 860 3051 abest
901 2991 1058 3071 quin
1098 2997 1297 3052 totam
1337 2991 1500 3053 hanc
1539 2991 1972 3053 narrationem
2014 2991 2094 3051 de

204 3089 416 3150 Cassio
457 3089 781 3150 Parmensi
821 3110 938 3170 per
976 3087 1055 3150 L.
1099 3089 1365 3152 Varium
1406 3097 1663 3172 poetam
1698 3089 1965 3151 Athenis
1993 3090 2096 3149 in-

201 3187 464 3249 terfecto
477 3231 499 3265 ‚
553 3193 619 3248 et
662 3189 741 3249 de
782 3189 1102 3271 tragoedia
1144 3186 1280 3271 ejus
1325 3189 1608 3269 Thyeste
1649 3210 1764 3271 per
1804 3188 2095 3250 fraudem

346 3392 438 3448 69)
474 3389 553 3437 De
592 3387 728 3437 Celso
759 3387 846 3436 illo
881 3403 1001 3450 quae
1036 3389 1205 3449 scripsi
1242 3389 1291 3436 in
1328 3385 1593 3438 Comment.
1632 3387 1695 3439 de
1746 3390 1882 3438 Titio
1928 3387 2092 3449 Septi—

204 3461 299 3507 mio
333 3459 486 3508 Poeta
529 3463 567 3519 §-
595 3464 647 3510 4.
684 3478 733 3521 p.
769 3464 891 3509 381.
918 3474 1023 3520 sqq.
1035 3496 1051 3519 ,
1100 3460 1158 3507 ab
1199 3462 1272 3507 eis
1320 3461 1666 3523 aliquantulum
1713 3461 1957 3519 discessit,
2005 3472 2095 3506 nec

205 3541 362 3578 tamen
396 3532 630 3592 persuasit
657 3529 742 3580 Fr.
763 3528 1030 3593 Jacobsius,
1064 3531 1138 3581 vir
1172 3533 1398 3597 eximius,
1433 3531 1735 3583 inLection.
1763 3528 1950 3581 Venus.
1964 3526 2094 3580 XV.

203 3619 251 3664 p.
283 3605 403 3654 336.
426 3618 533 3664 sqq.
571 3602 635 3653 cl.
656 3599 751 3652 III·
786 3603 946 3664 p.54.
