2236 3932
229 133 356 194 214
807 154 889 193 nn
936 153 1161 194 cAssm
1208 153 1576 194 PARMENsn

230 307 455 351 eorum
494 287 732 351 notavit
772 306 1090 363 errorem,
1133 287 1244 367 qui
1287 305 1430 349 cum
1462 287 1676 350 Cassio
1697 287 1950 351 'Severo
1978 287 2131 349 Par-

230 386 436 450 mensi
507 386 927 449 confuderunt
1000 384 1367 448 Cornelium
1423 389 1759 463 Severum,
1826 385 2131 471 ejusdem,

229 492 304 548 ut
362 485 480 563 ait,
544 484 849 565 temporis
903 489 1193 564 poetam,
1249 485 1401 546 belli
1455 485 1654 548 Siculi
1709 493 1775 547 et
1827 486 2133 569 poematis

231 586 314 647 de
367 585 570 646 Aetna
629 582 1006 662 scriptorem
1022 581 1118 661 l²³).
1230 583 1535 646 Mollerus
1596 587 1822 672 cogitat
1891 587 1970 646 de
2024 585 2136 644 illo

230 684 526 746 Cornelio
570 681 812 742 Severo
826 724 847 756 ,
891 700 1086 760 quem
1127 682 1617 746 versificatorem
1659 705 1850 765 quam
1881 689 2137 763 poetam

227 784 562 845 meliorem
616 779 768 839 dicit
819 779 1236 855 Quintilianus
1287 781 1442 842 Inst.
1491 781 1606 844 Or.
1649 783 1828 847 Libr.
1854 782 1940 842 X.
1986 801 2042 842 c.
2076 782 2136 840 l.

228 889 281 955 §.
321 881 427 940 89.
471 884 538 938 et
580 897 772 961 quem
831 878 939 938 alii
982 886 1548 941 commemoratum
1601 882 1928 943 inveniunt
1970 879 2138 962 apud

230 976 532 1041 Ovidium
574 995 662 1036 ex
703 974 888 1035 Pont.
933 974 1113 1038 Libr.
1140 975 1254 1037 IV.
1296 976 1470 1061 Eleg.
1499 982 1563 1040 2.
1603 1001 1665 1042 v.
1697 982 1754 1040 l.
1783 1001 1879 1061 sq.

322 1075 514 1157 Quod
555 1073 711 1152 legis
723 1116 746 1148 ,
794 1094 833 1133 o
874 1084 1060 1135 vates
1092 1096 1488 1155 magnorum
1528 1078 1819 1139 maxime
1847 1097 2093 1156 regum,

409 1173 483 1238 V
474 1173 610 1234 enit
651 1172 735 1234 ab
776 1172 1059 1234 intonsis
1098 1195 1333 1257 usque,
1377 1178 1642 1251 Severe,
1694 1176 1910 1239 Getis:

228 1273 340 1333 ubi
392 1271 526 1335 Ja0.
571 1272 860 1351 Micyllus
919 1273 1272 1349 adnotavit,
1347 1275 1472 1336 duo
1530 1274 1724 1336 fuisse
1777 1275 1883 1336 illa
1941 1281 2140 1338 aetate

228 1377 449 1454 poetas
503 1369 727 1432 Severi
775 1372 1034 1434 nomine
1049 1417 1069 1450 ,
1141 1372 1411 1435 alterum
1483 1374 1768 1436 Cassium
1827 1373 2142 1436 Severum

214 1471 643 1550 ‚Pal-mensem
659 1514 680 1548 ,
747 1470 861 1555 qui
902 1477 1119 1533 tamen
1174 1471 1280 1533 hic
1321 1493 1442 1555 pel·
1483 1474 1789 1555 temporis
1830 1475 2143 1535 rationem

229 1570 500 1652 intelligi
552 1590 684 1631 non
754 1570 983 1652 possit,
1054 1572 1326 1635 alterum
1384 1572 1751 1634 Cornelium
1807 1572 2142 1636 Severum.

229 1668 563 1749 Micyllum
602 1668 925 1731 Parmensi
969 1668 1182 1731 Cassio
1225 1670 1446 1732 Severi
1480 1686 1829 1758 cognomen
1856 1673 2144 1733 tribuen-

153 1763 155 1766 ’
230 1773 365 1828 tem
420 1767 574 1848 quid
626 1768 696 1828 in
751 1766 1044 1830 fraudem
1095 1769 1200 1831 hic
1240 1771 1599 1847 induxerit,
1654 1771 1895 1831 nemini
1936 1778 2146 1853 potest

231 1887 373 1928 esse
417 1868 787 1942 obscurum3
836 1874 1010 1930 recte
1053 1875 1264 1930 autem
1304 1871 1487 1931 illum
1533 1868 1744 1932 Ovidii
1785 1871 1998 1932 locum
2041 1891 2144 1932 re·-

230 1966 358 2026 fert
399 1966 480 2027 ad
524 1965 893 2029 Cornelium
935 1965 1282 2047 Severum,
1346 1970 1426 2030 (le
1486 1989 1613 2050 quo
1655 1970 1830 2033 idem
1874 1968 2144 2033 Ovidius

231 2085 319 2127 ex
361 2065 546 2126 Pont.
589 2063 769 2127 Libr.
800 2064 912 2127 IV.
954 2066 1132 2150 Eleg.
1168 2070 1270 2129 16.
1316 2090 1378 2131 v.
1407 2071 1503 2130 9.=

326 2162 574 2247 Quique
615 2163 794 2226 dedit
835 2164 1035 2227 Latio
1077 2189 1345 2228 carmen
1386 2169 1606 2248 regale
1648 2170 1920 2230 Severus
1936 2193 1956 2231 ε

207 2283 427 2346 „quem
467 2265 685 2326 locum
725 2265 966 2348 pariter
1021 2285 1096 2329 ac
1152 2268 1547 2350 superiorem
1591 2270 1672 2330 de
1715 2269 1886 2330 bello
1931 2267 2145 2330 Siculo

235 2363 515 2425 Cornelii
558 2361 784 2430 Severi
825 2365 1262 2449 accipiendum
1306 2388 1482 2443 esse,
1539 2367 1739 2430 fusius
1795 2368 2039 2429 ostendi
2080 2368 2148 2429 in

233 2462 526 2525 Excursu
544 2462 662 2527 ΠΙ.
705 2465 788 2528 ad
817 2463 1174 2528 Comment.
1204 2467 1287 2527 de
1317 2465 1400 2529 L.
1435 2468 1507 2533 V
1498 2467 1646 2530 ario
1671 2470 1874 2530 Poeta
1914 2490 1980 2551 p.
2000 2467 2147 2528 150.

238 2562 407 2626 Sunt
463 2563 637 2628 enim
694 2565 806 2648 qui
863 2563 1181 2628 Severum
1247 2566 1461 2630 Ovidii
1528 2574 1783 2650 poetam
1838 2567 2148 2650 tragicum

235 2661 494 2741 faciant,
568 2684 844 2746 eumque
898 2685 1035 2729 non
1097 2666 1461 2729 Cornelium
1518 2669 1632 2728 Sed
1689 2665 1983 2731 Cassium
2025 2664 2148 2726 Se-

236 2783 465 2827 verum
520 2765 884 2826 nominent:
943 2763 1126 2850 cujus
1184 2767 1486 2828 mirificae
1530 2766 1986 2828 allucinationis
2028 2786 2149 2827 no-

236 2862 410 2926 mine
451 2863 763 2924 notandus
807 2870 902 2926 est
941 2865 1081 2948 ipse
1124 2864 1228 2928 Fr.
1253 2867 1334 2928 R.
1360 2866 1622 2928 Bothius
1657 2866 1722 2926 in
1750 2865 1930 2927 Poet.
1959 2865 2148 2926 Scen.

236 2960 379 3027 Lat.
435 2960 580 3023 Vol.
620 2958 702 3023 V.
764 2963 836 3025 Ρ.
882 2964 941 3025 l.
999 2987 1065 3047 p.
1111 2966 1259 3031 262.
1276 3010 1298 3044 ‚
1371 2967 1670 3047 deceptus
1729 2966 2027 3048 exemplo
2084 2971 2150 3026 et
2228 2993 2234 2998 ·

240 3061 608 3122 auctoritate
650 3061 723 3123 P.
769 3061 1070 3126 Scriverii
1111 3065 1179 3125 in
1224 3064 1565 3127 Collectan.
1609 3088 1672 3147 p.
1712 3064 1854 3126 LX.
1901 3070 1964 3126 et
2004 3063 2149 3124 Ant.

205 3160 439 3235 VDeh'ii
509 3161 577 3226 in
652 3159 975 3247 syntagm.
1057 3165 1247 3250 Trag.
1311 3165 1458 3230 Lat.
1516 3165 1589 3226 P.
1635 3165 1684 3225 I.
1740 3187 1804 3248 p.
1861 3166 1965 3227 27.
2009 3185 2147 3245 sqq.

477 3297 596 3304 ——-—-.

384 3365 473 3419 18)
526 3358 732 3421 Carmen
784 3362 909 3413 illud
955 3362 1017 3414 de
1066 3365 1241 3416 Aetna
1293 3362 1574 3417 ἀδέσποτον
1582 3405 1598 3429 ,
1649 3368 1707 3416 ab
1750 3367 1859 3416 aliis
1911 3363 2149 3434 Quintilio

242 3426 389 3480 Varo
442 3433 698 3498 tributum,
747 3434 898 3485 multo
933 3438 1226 3498 probabilius
1271 3441 1583 3501 compositum
1615 3456 1723 3490 esse
1759 3456 1786 3488 a
1824 3436 2018 3486 Lucilio
2053 3433 2150 3484 'Ju-

236 3504 431 3627 nim-iz?³2
466 3507 628 3556 monui
682 3509 732 3556 in
779 3504 986 3561 Excurs.
1019 3507 1060 3560 I.
1114 3510 1173 3561 ad
1229 3507 1495 3563 Commeat.
1547 3509 1612 3563 de
1668 3508 1737 3561 L.
1785 3507 1946 3559 Vario
1994 3505 2150 3557 Poeta

240 3592 293 3635 p.
424 3610 453 3628 ,.
1221 3598 1224 3600 ·
