2236 3932
252 128 375 191 346
815 147 892 186 nr.
938 143 1160 187 cAss1o
1206 142 1566 184 ΡΑιιΜΕΝει.

248 285 490 346 Iulum.
592 281 667 343 At
725 278 1027 363 ejusmodi
1081 278 1394 338 lemmatis
1452 297 1612 358 quae
1668 280 1924 339 tandem
1981 298 2120 341 esse

249 387 452 463 potest
491 380 644 442 fides
688 400 759 440 ac
800 377 1137 437 testimonii
1166 372 1400 438 dictio?
1443 377 1684 437 Deinde
1717 378 1871 438 scite
1901 379 2119 438 obser-

248 489 355 544 vat
381 482 776 541 Drumannus
793 519 813 554 ,
857 475 1026 536 hunc
1063 474 1260 535 filium
1287 482 1439 536 natu
1481 476 1790 536 minorem
1831 498 1962 537 non
2003 498 2122 558 po-

247 581 437 641 tuisse
486 575 704 640 Marci
749 594 1133 656 praenomen
1189 575 1468 654 accipere
1482 603 1515 651 ‚¹
1561 596 1707 635 cum
1760 581 2124 636 nasceretur

246 681 497 743 vivente
525 677 728 737 adhuc
757 674 886 735 filio
912 671 1187 756 majore,
1230 671 1498 752 Antyllo
1530 675 1659 737 sive
1687 678 1780 735 M.
1811 674 2119 735 Antonio.

245 770 635 838 Probabilior
687 781 850 834 esset
905 793 1129 833 eorum
1183 772 1396 852 opinio
1451 774 1562 852 qui
1619 775 1831 835 dicunt
1844 819 1864 851 ‚
1933 772 2129 833 ΙΛιοίἰ

246 893 631 958 praenomen
670 873 762 932 illi
795 872 984 932 fuisse
1000 916 1019 948 ,
1066 872 1120 931 si
1161 877 1402 931 certum
1432 874 1597 932 esset
1613 915 1634 948 ,
1677 872 1951 933 Lucium
1974 871 2120 933 An-

245 974 500 1036 tonium
513 1017 534 1047 ,
581 969 758 1055 eujus
782 971 1163 1031 mentionem
1197 968 1348 1029 facit
1380 969 1637 1030 Tacitus
1668 970 1784 1030 An.
1812 972 1988 1031 Libr.
2016 971 2122 1032 IV.

247 1096 303 1136 e.
346 1075 448 1134 44.
464 1117 485 1151 ‚
527 1071 720 1132 fuisse
761 1071 925 1130 illius
964 1068 1163 1130 filium
1205 1074 1314 1129 aut
1354 1069 1610 1130 unIcum
1651 1077 1759 1130 aut
1799 1078 1947 1130 natu
1988 1091 2123 1131 ma-

243 1174 512 1233 ximum.
597 1172 721 1230 Res
763 1170 843 1229 ad
883 1169 1190 1248 liquidum
1230 1168 1494 1249 perduci
1518 1169 1769 1249 nequit3
1810 1170 1878 1229 id
1910 1176 2121 1230 autem

244 1273 403 1332 nihil
432 1268 832 1331 dubitationis
864 1269 1111 1330 videtur
1140 1267 1394 1346 habere,
1438 1287 1673 1329 nomen
1702 1267 1859 1343 Juli,
1904 1270 2124 1348 adepta

243 1371 439 1433 veluti
490 1369 739 1451 publica
794 1367 1192 1442 auctoritate,
1246 1367 1334 1427 ita
1389 1369 1771 1428 celebratum
1828 1388 1996 1443 esse,
2054 1374 2124 1427 ut

242 1473 348 1534 vel
388 1489 602 1530 rerum
643 1467 975 1548 scriptores
1016 1467 1194 1547 illurn
1225 1466 1568 1528 Triumviri
1599 1466 1796 1527 filium
1826 1467 1946 1527 hoc
1989 1467 2122 1527 solo

243 1571 501 1633 nomine
561 1573 1144 1629 commemorarent.
1242 1565 1337 1625 Ita
1378 1566 1635 1626 Tacitus
1692 1566 1805 1626 An.
1848 1565 2026 1625 Libr.
2071 1565 2121 1625 Ι.

247 1692 302 1733 c.
350 1669 452 1729 10.
525 1687 723 1747 quum
779 1665 1023 1725 scribit:
1092 1707 1136 1740 ‚‚
1155 1663 1529 1744 interfectos
1568 1666 1824 1725 Romae
1869 1665 1940 1728 V
1931 1685 2119 1724 arro-

241 1791 390 1844 πρε,
434 1764 784 1845 Egnatius,
828 1765 1010 1825 Iulos
1025 1768 1094 1837 “‚
1140 1763 1306 1823 hunc
1349 1764 1553 1823 solum
1584 1764 1883 1846 significat
1908 1763 2123 1823 Julum

241 1867 606 1929 Antonium.
703 1863 786 1923 Et
838 1863 960 1923 Dio
1021 1862 1263 1924 Cassius
1319 1861 1493 1922 Libr.
1550 1862 1711 1941 LIV.
1770 1884 1824 1923 c.
1881 1864 1986 1923 36.
2044 1863 2126 1923 (le

243 1970 432 2029 rebus
461 1987 518 2026 a.
551 1963 624 2024 U.
656 1962 723 2024 C.
753 1964 876 2024 743
905 1984 954 2023 S.
972 1964 1114 2023 744.
1146 1961 1334 2045 gestis
1363 1963 1629 2041 loquens
1661 1963 1902 2022 scribit:
1946 1970 2118 2021 ταῦτα

242 2064 342 2134 μὲν
380 2059 477 2119 ἐπί
510 2059 569 2115 ‘ta
603 2061 671 2114 τὲ
699 2055 843 2113 Ἰέλε
880 2057 972 2112 καὶ
1010 2058 1105 2114 ἐπὶ
1148 2056 1332 2128 Φαβίθ
1361 2055 1599 2127 Μαξίμε
1635 2054 1860 2114 ὑπάτων
1894 2058 2125 2131 ἐγένετο,

245 2152 474 2214 omisso
510 2147 771 2217 'szwvle
805 2147 1086 2208 nomine.

412 2249 693 2327 Uterque
734 2245 926 2328 igitur
964 2245 1052 2306 M.
1093 2244 1347 2306 Antonii
1386 2243 1551 2306 filius
1601 2266 1688 2308 ex
1726 2245 1945 2309 Fulvia
1988 2268 2126 2309 sus-

245 2355 465 2431 ceptus
515 2347 764 2410 videtur
816 2345 1155 2406 binominis
1209 2344 1423 2406 fuisse.
1519 2342 1709 2428 Cujus
1762 2345 1857 2406 rei
1911 2365 2128 2408 caussa

243 2470 375 2513 non
433 2448 622 2528 longe
679 2445 954 2525 petenda
1006 2444 1162 2521 erit,
1229 2445 1284 2506 si
1335 2445 1808 2506 meminerimus
1822 2489 1843 2524 ‚
1902 2452 2131 2526 quanta

245 2546 432 2609 fuerit
483 2546 651 2605 illius
695 2543 1039 2606 Triumviri
1091 2550 1165 2604 ut
1216 2543 1283 2604 in
1335 2544 1466 2607 vita
1482 2588 1503 2622 ,
1557 2544 1646 2606 sic
1701 2544 1773 2606 in
1811 2546 2130 2607 doctrinae

246 2646 469 2709 studiis
527 2647 844 2722 κακοζηλία.
942 2643 1036 2705 Ea
1091 2649 1370 2725 spectata
1423 2644 1684 2705 dubium
1733 2664 1870 2706 esse
1910 2645 2131 2724 nequit

246 2747 406 2828 quin
431 2745 674 2806 homini
698 2747 912 2828 inepto
944 2743 1047 2805 isti
1074 2743 1483 2825 praenomina
1509 2742 1752 2821 Marci,
1803 2742 1962 2821 Gajz·
1998 2744 2130 2806 sive

246 2844 447 2910 Lucii
456 2888 479 2920 ,
519 2846 825 2926 quamvis
881 2843 1082 2927 gentis
1136 2842 1440 2905 Antoniae
1497 2843 1781 2925 propria,
1852 2842 2132 2925 vulgaria

247 2945 485 3008 fuerint
522 2931 659 3009 {risa
700 2949 766 3004 et
808 2943 1144 3005 sordidula.
1248 2940 1356 3004 Sic
1410 2943 1709 3025 gemellos
1763 2941 1905 3003 illos
1950 2942 2132 3003 Cleo-

247 3052 425 3127 patra
466 3042 712 3128 genitos
767 3042 1133 3124 appellavit,
1190 3047 1262 3102 ut
1302 3041 1511 3103 verbis
1551 3040 1869 3103 Plutarchi
1927 3062 1983 3104 c.
2027 3042 2130 3102 36.

251 3152 425 3223 utar,
469 3147 563 3206 τὸν
603 3147 706 3218 μὲν
731 3143 1114 3222 Ἀλέξανδρον,
1162 3144 1262 3220 τὴν
1307 3146 1370 3203 δὲ
1400 3144 1796 3222 Κλεοπάτραν·
1849 3144 2135 3220 ἐπίκλησιν

250 3251 343 3320 δὲ,
380 3249 474 3307 τὸν
509 3250 610 3322 μὲν
631 3248 856 3316 ‘'El-tow,
893 3249 991 3325 τὴν
1025 3250 1087 3307 δὲ
1123 3246 1377 3324 Σελήνην.
1462 3246 1633 3308 Nova
1668 3244 1903 3325 ubique
1942 3249 2131 3323 atque

250 3349 503 3411 insolita
543 3349 653 3411 ille
694 3347 1012 3432 captabat!
1085 3348 1307 3430 Itaque
1349 3352 1569 3429 spreto«
1605 3345 1864 3424 antiquo
1903 3342 2134 3403 Roma-

250 3469 479 3509 norum
517 3468 700 3510 more
713 3491 736 3522 ,
781 3469 910 3528 quo
951 3447 1170 3510 fratres
1213 3445 1510 3530 distingui
1547 3444 1823 3507 solerent
1864 3461 2134 3523 praeno-

248 3547 527 3610 minibus
570 3546 876 3610 comuetis
891 3591 910 3625 ,
950 3568 1120 3612 nova
1164 3567 1363 3631 eaque
1404 3544 1736 3630 peregrina
1763 3539 2135 3624 excogitavit
