2236 3932
242 97 367 158 312
811 121 888 159 DE
936 117 1157 158 cAss1o
1203 118 1565 158 rAnmENsn

243 275 307 334 p.
354 252 500 315 219.
557 254 718 315 hanc
786 271 1068 313 caussam
1126 253 1479 313 adscribere
1534 253 1609 312 L.
1665 254 1896 315 Manlio
1957 255 2121 317 Tor-

243 358 470 432 (111616,
547 352 832 415 Consulis
889 348 1049 427 filio,
1126 370 1392 432 eamque
1458 359 1598 412 ante
1655 373 1891 412 annum
1933 354 2008 414 U.
2054 356 2122 416 C.

243 452 392 512 708.
450 458 652 513 actam
709 469 848 510 esse
903 449 1051 509 dicit
1103 472 1168 531 p.
1208 452 1387 528 213„
1449 451 1594 531 quia
1647 451 1751 513 hic
1793 473 1992 514 annus
2032 456 2138 515 illi*

214 548 322 611 ,L.
367 551 692 630 Torquato
732 546 966 608 ,fuisset
1018 545 1245 609 fatalis.
1335 550 1442 609 *At
1494 551 1680 611 valde
1736 557 1986 630 metuo,
2057 553 2126 613 id

246 651 415 730 quod
458 668 611 729 pace
655 647 804 726 Viri«
828 646 1167 707 doctissimi
1210 646 1518 725 dixerim,
1561 670 1644 709 ne
1684 670 1721 710 a
1762 671 1916 712 vero
1943 673 2126 733 pror-

247 769 351 808 sus
395 748 811 822 aberraverit,
858 766 894 806 a
938 745 1376 823 Thorbecki0‚
1409 753 1488 806 -ut
1529 749 1808 826 videtur,
1852 750 1918 810 in
1961 750 2128 811 frau-

248 847 394 907 dem
435 846 745 906 inductuS.
834 844 1045 907 Cuivis
1087 846 1257 905 enim
1296 844 1697 907 manifestum
1740 854 1870 925 est,
1925 851 2128 910 Hora-

248 945 405 1005 tium
446 945 549 1005 hic
590 944 765 1025 loqui
809 943 887 1004 de
931 964 1179 1021 caussa,
1237 964 1398 1025 quae
1427 963 1529 1005 ¹eo
1571 946 1742 1025 ipso,
1802 969 1931 1027 quo
1976 949 2129 1009 scri-

247 1044 442 1105 bebat
483 1045 810 1126 epistolam
827 1088 846 1120 ‚
890 1050 1176 1123 tempore
1221 1042 1527 1126 ageretur.
1615 1043 1756 1105 Jam
1795 1054 2130 1127 utcumque

247 1144 328 1204 de
371 1164 567 1221 anno,
629 1165 755 1224 quo
809 1144 917 1203 illa
959 1142 1223 1222 epistola
1265 1143 1610 1223 composita
1653 1143 1765 1220 sit,
1823 1146 2131 1223 statuitur,

247 1241 316 1301 id
371 1250 543 1304 certe
601 1243 773 1304 omni
831 1241 1215 1303 dubitatione
1275 1248 1641 1322 exemptum
1683 1249 1811 1320 est,
1877 1245 2135 1304 Poetam

251 1340 646 1403 Venusinum
703 1347 847 1402 ante
903 1361 1088 1402 suum
1144 1360 1230 1402 ex
1287 1361 1496 1423 pugna
1549 1341 1933 1423 Philippensi
1973 1344 2136 1404 redi-

250 1446 389 1501 tum
462 1443 619 1522 (vid.
667 1439 845 1501 Libr.
876 1440 962 1501 II.
1020 1438 1217 1520 Epist.
1255 1443 1316 1500 2.
1373 1461 1436 1502 v.
1481 1440 1612 1519 51.)
1684 1443 1926 1502 nullum
1998 1462 2136 1503 car-

249 1560 435 1618 men,
478 1542 714 1601 nedum
753 1541 916 1601 hanc
957 1539 1283 1621 epistolam
1325 1540 1642 1621 scripsisse
1686 1546 1751 1601 et
1792 1542 2135 1625 evulgasse.

251 1637 418 1722 Ergo
471 1640 590 1700 ista
646 1639 889 1701 Moschi
945 1659 1162 1701 caussa
1219 1640 1396 1700 nullo
1453 1645 1634 1720 pacto
1687 1659 1730 1702 a
1782 1639 1860 1700 L.
1903 1641 2137 1701 Manlio

255 1736 619 1818 Torquato,
695 1737 984 1799 Consulis
1036 1737 1199 1821 iilic,
1272 1738 1372 1821 agi
1423 1744 1693 1820 poterat.
1809 1738 2140 1800 Caeterum

251 1835 416 1898 hanc
475 1857 730 1918 quoque
785 1858 1065 1899 caussam
1118 1844 1381 1919 propter
1431 1837 1714 1898 Asinium
1766 1838 2138 1915 Pollionem,

254 1942 476 2018 pacata
533 1938 791 1998 demum
848 1937 1096 2000 civitate
1130 1935 1523 2018 frequentius
1564 1938 1884 1999 laboribus
1925 1937 2141 1998 foren-

256 2037 430 2099 sibus
484 2042 843 2114 vacantem,
911 2035 1136 2097 mediis
1179 2037 1449 2120 Augusti
1487 2037 1853 2118 imperantis
1895 2043 2141 2118 tempo-

252 2136 432 2196 ribus
474 2136 690 2197 malim
730 2136 1048 2219 assignari.
1132 2137 1445 2199 Facundia
1486 2135 1792 2216 Torquati
1821 2136 2142 2197 Horatiani

255 2235 521 2297 dubium
561 2257 694 2297 non
735 2241 832 2297 est
873 2236 1026 2317 quin
1069 2237 1148 2297 de
1188 2256 1369 2298 more
1409 2235 1576 2295 illius
1618 2236 1918 2316 temporis
1957 2255 2143 2317 prae-

257 2336 440 2418 cipue
495 2337 563 2396 in
616 2335 1035 2419 legitimarum
1104 2341 1169 2396 et
1236 2335 1516 2397 civilium
1579 2335 2145 2396 controversiarum

258 2435 621 2516 patrociniis
675 2442 925 2498 versata
983 2435 1082 2495 sit.
1179 2434 1258 2495 In
1315 2435 1437 2496 hoc
1495 2434 1665 2495 enim
1717 2453 1949 2516 genere
2006 2453 2142 2494 sese

258 2533 544 2615 inprimis
587 2531 847 2617 jactasse
917 2534 1207 2595 videmus
1274 2533 1645 2594 industriam
1702 2530 2006 2615 juvenum
2046 2531 2145 2594 fa-

260 2648 482 2695 vorem
547 2633 811 2717 Augusti
893 2633 1307 2694 ambientium
1377 2631 1698 2714 ipsiusque
1781 2632 2145 2714 exemplum

260 2732 733 2794 aemulantium.
835 2731 944 2795 Sic
998 2734 1079 2794 ad
1119 2731 1354 2794 Julium
1395 2732 1688 2808 Florum,
1755 2731 1866 2813 qui
1908 2738 1974 2792 et
2014 2731 2147 2812 ipse

260 2829 330 2892 in
385 2832 526 2893 aula
579 2831 839 2914 Augusti
902 2832 1153 2894 vivebat
1165 2877 1186 2911 ,
1260 2832 1478 2894 scribit
1533 2831 1823 2893 Horatius
1880 2829 2057 2891 Libr.
2094 2831 2147 2892 I.

263 2929 466 3015 Epist.
494 2930 556 2990 3.
597 2951 658 2992 v.
691 2933 830 2992 23.:

348 3033 474 3091 Sea
514 3029 807 3109 linguam
849 3030 1094 3092 caussis
1136 3030 1320 3092 acuis
1333 3074 1357 3106 ,
1402 3051 1516 3092 sea
1556 3029 1756 3091 civica
1789 3031 1951 3108 jura

348 3129 765 3210 Respondere
792 3151 1007 3211 paras
1017 3174 1042 3205 ,
1098 3151 1213 3191 sea
1253 3127 1472 3191 condis
1514 3129 1788 3190 amabile
1828 3151 2106 3191 carmen.
2152 3158 2156 3161 >

265 3226 514 3291 Nollem
570 3227 759 3311 igitur
814 3226 1175 3309 Torquatus
1231 3229 1340 3291 ille
1394 3229 1475 3290 ab
1529 3228 1819 3291 Jacobsio
1861 3229 2150 3292 Lection.

268 3326 508 3389 Venus.
551 3327 636 3387 H.
694 3349 758 3409 p.
792 3327 896 3387 31.
943 3327 1020 3389 61.
1079 3350 1144 3409 p.
1189 3329 1294 3389 33.
1366 3329 1708 3410 appellatus
1780 3329 2151 3408 habitusque

270 3433 434 3488 esset
474 3425 513 3488 J
515 3427 643 3487 uris
687 3426 1033 3488 consultus!
1091 3426 1176 3505 Ut
1215 3448 1370 3490 vero
1411 3426 1518 3488 ille
1557 3427 1884 3490 Moschum
1897 3471 1918 3504 ‚
1959 3445 2151 3489 vene-

270 3525 393 3589 ficii
435 3546 647 3604 reum,
691 3524 1156 3590 defendendum
1198 3527 1571 3611 susciperet,
1613 3525 1801 3611 hujus
1841 3526 1936 3589 rei
1973 3543 2152 3587 caus-
