2236 3932
749 169 1486 234 PRAE'rA'rto.
1988 191 2060 229 lx

177 350 355 435 pauci
399 340 586 432 igitur·
625 358 770 406 cum
815 349 1029 405 essent·
1065 343 1174 423 qui
1214 360 1333 423 pro
1371 340 1728 401 testimonio
1761 340 2062 415 dicerentj

177 479 458 542 creBrius
518 493 708 556 quam
763 473 998 535 vellem
1051 471 1237 552 loeus*
1287 469 1539 529 daretur
1608 479 1865 529 necesse
1933 474 2065 530 erat

175 604 575 689 conjecturis,
618 600 984 684 ‘perincertis
1013 599 1230 680 utique
1256 595 1555 658 historiae
1582 596 1851 674 vicariis,
1882 592 2073 679 prae--v

37 733 53 752 '
173 734 388 796 sertim
418 749 567 793 cum
592 727 800 791 fontes
813 773 837 804 ‚
883 741 968 790 ex
997 722 1230 810 quibus
1260 724 1385 808 peti
1423 729 1718 808 possent,
1762 719 1879 788 vel'
1909 722 2066 785 nulli

173 860 599 945 reperirentur
654 859 758 921 vel
815 872 1041 939 parum
1095 852 1328 917 illimes
1394 850 1619 952 essenta
1734 850 1808 946 In
1876 854 2068 914 rebus

175 998 307 1052 tam
348 986 624 1069 antiquis
668 991 730 1048 et
773 986 1058 1047 obscuris
1101 981 1449 1066 probabilia
1492 981 1740 1044 secutus
1783 997 1924 1044 sum
1938 1027 1957 1061 ,
2005 988 2072 1043 et

174 1120 260 1197 si,
304 1137 465 1200 quae
493 1115 723 1177 similia
753 1114 889 1177 veri
917 1114 1074 1190 sint,
1118 1132 1234 1194 pro
1265 1111 1431 1174 veris
1464 1111 1878 1192 accipiantur,
1924 1111 2070 1172 satis

174 1245 447 1307 habebo.
561 1243 851 1327 Magnam
906 1241 1071 1322 apud
1127 1259 1232 1300 me
1285 1238 1534 1299 inibunt
1588 1239 1852 1323 gratiam
1869 1283 1889 1318 ,
1961 1238 2073 1320 qui

176 1374 445 1435 certiora
476 1369 831 1456 proferant:
875 1367 1117 1428 nemini
1148 1367 1319 1428 enim
1355 1385 1564 1427 meam
1608 1367 1883 1428 obtrudo
1929 1386 2074 1429 sen-

174 1502 435 1563 tentiam
476 1506 539 1561 et
580 1496 764 1559 facile
807 1496 1012 1580 patior
1027 1541 1047 1574 ‚
1113 1502 1188 1558 ut
1243 1495 1387 1590 quis
1424 1495 1490 1556 in
1532 1495 1652 1557 alia
1696 1495 1906 1557 omnia
1950 1502 2074 1558 eat.

175 1629 247 1689 In
306 1626 625 1691 nonnullis
683 1625 872 1688 etiam
884 1669 903 1703 ,
978 1645 1138 1708 quae
1197 1630 1611 1687 controversa·
1653 1630 1863 1701 erant,
1922 1624 2076 1685 locis

179 1756 626 1819 discessionem
675 1754 797 1816 feci
842 1774 878 1815 a
923 1754 1074 1816 viris
1115 1773 1220 1814 me
1249 1753 1666 1829 doctioribus,
1711 1754 1879 1817 haud
1908 1753 2077 1816 veri-

176 1894 279 1948 tus
320 1905 405 1947 ne
448 1904 633 1968 aegre
676 1885 742 1944 id
786 1884 994 1945 ferant
1010 1927 1029 1960 ,
1075 1883 1127 1944 si
1156 1902 1261 1943 me
1292 1882 1430 1945 veri
1474 1861 1822 1964 quaerendi
1866 1882 2076 1966 studio

177 2017 433 2076 ductum
475 2034 612 2075 esse
654 2013 1025 2095 intelligent.
1107 2012 1280 2089 Quae
1311 2010 1470 2073 mihi
1498 2031 1651 2074 vera
1679 2011 2075 2090 videbantur,

178 2144 373 2205 libere
442 2142 776 2225 proposui,
849 2142 962 2203 sed
1029 2141 1164 2203 sine
1220 2141 1349 2201 ulla
1405 2140 1758 2225 arrogantia
1815 2160 1888 2202 ac
1945 2140 2089 2225 sine,

180 2270 544 2358 cujusquam
579 2267 809 2355 injuria
823 2307 842 2346 ‚-
888 2290 1079 2352 quam
1111 2289 1196 2331 ex
1240 2269 1361 2331 hoc
1404 2277 1537 2332 toto
1579 2270 1741 2332 libro
1785 2271 2108 2331 exsulare‘

179 2399 354 2483 jussi.
442 2401 648 2478 Quare
692 2421 821 2462 non
868 2407 962 2461 est
1005 2399 1176 2481 quod
1222 2419 1339 2482 ego
1384 2400 1794 2462 extimescam
1836 2400 2077 2461 dissen-

179 2529 471 2590 tientium
514 2527 739 2591 acerba
784 2549 856 2590 ac
899 2528 1150 2590 sinistra
1193 2525 1425 2610 judicia
1441 2572 1460 2605 ‚
1505 2529 1637 2590 imo
1664 2528 1870 2591 habeo
1906 2529 2077 2611 quod

180 2659 461 2718 futurum
506 2678 643 2719 esse
687 2678 973 2739 sperem,
1019 2664 1089 2719 ut
1127 2657 1250 2719 hoc
1292 2678 1530 2720 novum
1574 2658 1682 2719 otii
1727 2678 1799 2719 ac
1843 2656 2077 2741 negotii

180 2785 305 2847 mei
349 2786 722 2868 opusculum
765 2785 954 2867 aequi
997 2785 1274 2868 bonique
1315 2783 1567 2848 faciant.
1664 2783 1847 2866 „Nos
1861 2768 1925 2864 (ὅ,
1980 2786 2078 2846 in-

181 2916 319 2996 quit
375 2914 626 2990 Cicero,
687 2912 864 2998 cujus
919 2916 1114 2978 verba
1168 2932 1311 2976 mea
1368 2913 1575 2978 facere
1629 2914 1849 2993 liceat,
1907 2958 1949 2992 „
1968 2915 2075 2995 qui

182 3043 503 3125 sequimur
532 3043 916 3126 probabilia,
962 3064 1080 3107 nec
1123 3044 1286 3106 ultra
1330 3065 1519 3126 quam
1562 3045 1659 3121 id,
1705 3044 1878 3126 quod
1892 3028 2076 3105 ''veri-

182 3171 385 3233 simile
429 3172 730 3250 occurrit,
775 3173 1069 3257 progredi
1114 3192 1479 3256 possumuS,
1525 3179 1587 3234 et
1617 3171 1906 3234 refellere
1941 3171 2076 3232 sinc

185 3299 523 3380 pertinacia
581 3309 642 3361 et
698 3300 900 3361 refelli
958 3302 1091 3362 sine
1149 3302 1467 3364 iracundia
1527 3301 1725 3383 parati
1789 3303 2077 3361 sumus.“

183 3427 515 3488 Caeterum
544 3428 606 3487 in
640 3430 1045 3492 retractandis
1077 3431 1212 3491 istis
1244 3430 1470 3492 libellis
1504 3430 1568 3489 id
1612 3448 1867 3511 operam
1909 3429 2075 3502 dedi,

185 3563 253 3614 ut
300 3576 522 3618 verum
584 3564 753 3618 esset
799 3531 1209 3641 Euripideum
1266 3558 1455 3620 illud:
1521 3558 1602 3617 A}
1655 3560 1910 3636 δεύτεραί
1956 3581 2077 3625 πως
