2236 3932
653 183 737 224 nn
779 174 1007 223 cassm
1053 178 1326 220 PARMEN
1336 179 1419 219 st.
1872 159 2001 222 23³

100 318 312 381 Odam
355 319 497 397 33„
538 323 707 399 quae
754 323 820 378 et
858 316 996 398 ipsa
1036 315 1227 398 vulgo
1266 319 1520 396 putatur
1561 321 1820 375 exarata
1863 335 2003 378 esse

97 421 343 480 eirciter
383 439 441 480 a.
490 419 565 478 U.
607 417 680 477 C.
730 417 873 476 723.
970 416 1057 475 At
1099 432 1244 475 cum
1286 414 1580 474 Tibullus
1600 448 1602 453 ·
1622 415 1701 474 ab
1738 415 2003 477 Horatio

96 519 163 578 in
205 518 386 577 Libri
416 517 470 576 I.
503 515 754 576 Satira·
781 514 1058 590 decima,
1128 535 1317 595 quam
1361 534 1507 575 cum
1549 511 1834 594 Spohnio
1879 521 2005 574 sta-

98 618 335 676 tuimus
380 615 613 676 editam
655 633 795 674 esse
839 622 1006 674 an'no
1051 613 1126 673 U.
1171 613 1240 674 C.
1287 614 1433 674 723.
1478 619 1795 686 exeunte,
1839 635 2005 674 non-

101 717 255 775 dum
295 715 462 774 inter
514 713 751 774 amicos
809 719 875 774 et
930 733 1167 793 aequos
1214 712 1562 774 Satirarum
1603 709 1844 794 judices
1886 734 2007 772 nu-

97 809 407 889 meretur,
451 813 711 874 evidens
754 819 853 873 est
893 832 967 872 ac
1012 819 1290 888 certum,
1333 831 1548 893 neque
1581 809 1785 872 Odam
1807 812 2003 890 illam,

99 915 337 974 nedum
388 910 737 992 Epistolam
754 956 772 988 ‚
847 910 916 971 in
972 932 1099 992 qua
1158 911 1447 972 Tibullus
1493 910 1815 972 candidus
1857 914 2006 971 Ser-

96 1034 366 1073 monum
410 1012 622 1090 judex
682 1012 1063 1093 appelletur,
1130 1012 1283 1073 'ante
1338 1032 1575 1071 annum
1617 1011 1691 1072 U.
1738 1010 1808 1072 G.
1858 1011 2007 1073 724.

98 1113 383 1194 potuisse
427 1112 740 1192 componi.
828 1111 1112 1193 Tempus
1128 1156 1148 1189 ‚
1194 1132 1319 1191 quo
1362 1111 1660 1171 Horatius
1705 1131 1849 1172 cum
1893 1111 2010 1172 Ti-

97 1213 273 1274 bullo
304 1212 722 1273 -familiariter
788 1210 975 1271 fuerit
1034 1208 1410 1292 conjunctus
1425 1255 1443 1287 ‚
1522 1217 1696 1271 certo
1764 1205 2016 1271 definiri

98 1313 339 1394 nequit.
422 1311 686 1373 Jahnius
727 1313 798 1372 in
838 1311 1062 1374 Annal.
1104 1311 1328 1381 Philol.
1360 1315 1424 1370 et
1450 1309 1714 1393 Paedag.
1760 1310 1904 1371 Vol.
1922 1310 2006 1372 ΙΙ.
2130 1334 2134 1337 *

101 1415 164 1475 2.
205 1436 271 1495 p.
310 1414 459 1474 410.
516 1412 830 1493 probabili
885 1411 1129 1471 ratione
1175 1415 1421 1485 censet,
1482 1409 1624 1470 illos
1668 1409 2011 1472 familiares

102 1533 243 1574 esse
286 1511 481 1573 factos
522 1511 775 1571 circiter
816 1530 873 1570 a.
915 1510 989 1570 U.
1034 1509 1103 1570 C.
1149 1511 1296 1568 727.
1402 1507 1564 1568 Cum
1610 1517 1839 1569 autem⁴
1870 1508 2011 1571 Oda

100 1612 207 1673 illa
273 1618 336 1672 et
391 1610 674 1691 Epistola
723 1630 1056 1673 „stunmmn
1128 1608 1369 1689 spirent
1427 1628 1709 1681 amorem
1722 1654 1740 1685 ,
1812 1616 2015 1670 artam

100 1711 460 1773 animorum
501 1709 1035 1770 necessitudinem
1077 1714 1269 1788 atque
1324 1707 1616 1768 intimum
1660 1709 2015 1772 studiorum

104 1812 631 1891 voluntatumque
707 1828 1086 1870 consensum
1100 1851 1120 1884 ‚
1201 1807 1613 1888 scriptionem
1682 1808 2014 1888 utriusque

104 1911 402 1973 carminis
458 1911 539 1970 ad
595 1909 861 1986 seriores
918 1929 1114 1969 annos
1159 1904 1566 1990 rejiciendam
1613 1927 1748 1968 esse
1774 1907 2014 1988 liquet.

100 2010 183 2071 In
226 2009 367 2071 Oda
408 1987 711 2070 admonet
767 2009 1065 2070 Horatius
1116 2008 1391 2068 amicum
1407 2050 1427 2083 ,
1485 2012 1558 2066 ut
1597 2028 1681 2068 ne
1724 2007 1868 2088 plus
1911 2007 2014 2067 ni-

104 2111 239 2173 mio
281 2110 495 2171 doleat
551 2129 799 2170 memor
850 2108 1108 2168 immitis
1152 2106 1464 2185 Glycerae
1518 2126 1691 2178 neve,
1729 2109 2016 2169 decantet

104 2211 320 2294 elegos
360 2209 773 2272 miserabiles.
860 2207 898 2270 J
900 2229 1005 2269 am
1048 2228 1196 2269 cum
1237 2207 1487 2266 nullum
1519 2207 1871 2267 carminum
1899 2207 2017 2266 Ti·-

104 2310 534 2371 bullianorum
588 2309 784 2370 hodie
837 2307 1142 2390 supersit.
1202 2306 1268 2367 in
1327 2328 1455 2387 quo
1502 2305 1777 2384 Glycera
1818 2327 2019 2387 quae·-

107 2411 256 2471 dam
310 2415 731 2482 memoretur3
794 2407 1113 2489 Spohnius
1170 2406 1240 2466 in
1281 2407 1594 2487 Disputat.
1638 2407 1718 2466 de
1756 2405 1846 2469 A.
1900 2405 2020 2468 Ti·-

107 2508 270 2570 bulla·
309 2508 444 2573 Vit.
488 2518 551 2569 et
596 2510 814 2570 Garm.
859 2506 1005 2587 Cap.
1036 2505 1120 2565 Π.
1165 2527 1230 2587 p.
1260 2502 1364 2567 50.
1413 2511 1477 2566 et
1521 2505 1671 2586 Cap.
1702 2504 1781 2566 V.
1824 2528 1888 2587 p.
1907 2508 2015 2568 96.

105 2630 246 2691 sqq.
291 2610 560 2690 probare
603 2609 813 2668 studet
827 2652 847 2684 ‚
904 2605 1245 2684 Glyceram
1288 2606 1458 2685 apud
1500 2605 1835 2667 Horatitm1
1878 2627 2018 2668 esse

103 2709 352 2770 Deliam
410 2707 650 2768 Tibulli
667 2751 687 2783 ‚
742 2726 908 2788 quae
961 2711 1207 2766 mutato
1259 2705 1520 2765 nomine
1576 2726 1748 2766 nunc
1788 2706 2018 2768 Neme-

105 2809 194 2870 sis
235 2828 408 2869 nunc
450 2807 690 2868 Neaera
746 2807 1056 2888 appellata
1099 2804 1310 2865 fuerit.
1411 2803 1732 2885 Spohnius
1775 2807 1854 2866 ab
1899 2807 2019 2869 hac

108 2905 474 2991 conjectura
518 2926 887 2989 progressus
930 2905 1274 2967 verisimile
1317 2904 1561 2981 reddit,
1610 2903 1812 2968 Odam
1838 2907 2015 2967 illam

108 3015 178 3070 et
216 3006 561 3090 Epistolam
614 3007 855 3067 Horatii
912 3006 1162 3066 interno
1219 3005 1494 3085 quodam
1546 3024 1764 3066 rerum
1809 3006 2019 3067 consi-

108 3106 304 3187 liique
345 3107 603 3169 vinculo
649 3125 970 3167 connexas
1014 3124 1152 3165 esse
1194 3110 1260 3165 et
1299 3103 1462 3165 inter
1505 3124 1575 3165 se
1619 3111 1815 3186 aptas.
1904 3106 2021 3167 Ti-

110 3206 321 3267 bullus
391 3226 477 3267 ex
533 3206 936 3287 expeditione
1002 3205 1214 3265 redux
1277 3211 1705 3284 compererat,
1772 3205 2020 3267 Deliam

111 3306 216 3366 alii
260 3307 570 3386 nupsisse.
659 3306 754 3366 De
797 3304 1072 3365 Neaerae
1114 3303 1156 3363 i.
1189 3322 1247 3364 e.
1293 3303 1512 3365 Deliae
1555 3303 1817 3384 perfidia
1860 3325 2020 3386 que-

111 3413 249 3467 stus
292 3413 386 3465 est
427 3404 608 3466 Libri
635 3404 751 3465 ΠΙ.
796 3403 1015 3487 Elegia
1057 3403 1362 3481 secunda,
1412 3403 1478 3462 in
1506 3424 1631 3483 qua
1661 3422 1730 3464 se
1756 3401 2020 3466 ferendo

110 3504 218 3566 isti
262 3505 464 3565 dolori
519 3505 831 3588 imparem
886 3501 1251 3581 confltetur,
1324 3510 1391 3565 et
1434 3502 1723 3583 quamvis
1770 3502 1907 3586 ipse
1950 3524 2023 3565 se

114 3624 596 3688 nonnumquam
686 3603 768 3666 ad
839 3603 1222 3666 hilaritatem
1290 3603 1634 3683 excitaret,
1714 3609 1787 3665 ut
1854 3603 2022 3667 canit
