2236 3932
741 205 1494 245 PRAEFATIO·
1970 208 2074 247 vn

173 355 575 438 exspatiandi
616 355 793 418 velut
834 356 923 416 in.
950 354 1363 417 amoenitates
1398 376 1548 427 vnon
1603 355 2072 437 intempestivas

171 491 236 545 et
280 483 628 545 disserendi
670 482 750 543 de
791 484 1007 544 multis
1050 483 1222 561 aliis,
1266 501 1428 563 quae
1467 503 1611 544 cum
1644 483 1876 545 horum
1918 505 2074 565 poe-

172 618 386 672 tarum
426 610 557 673 vita
613 612 962 692 studiisque
1013 612 1165 693 plus
1207 610 1423 672 minus
1468 610 1801 694 conjuncta
1843 619 2073 674 essent.

171 739 464 820 Denique
506 761 633 820 quo
675 739 995 800 lubentius
1037 739 1104 799 in
1144 739 1268 800 hoc
1308 747 1674 822 argumento
1714 740 2074 820 diutiusque

174 872 457 929 versatus
513 887 687 928 eram
700 910 721 944 ‚
779 864 904 928 hoc
946 866 1376 929 vehementius
1432 867 1814 948 exoptabam
1829 912 1850 945 ‚
1910 873 1982 926 ut
2038 887 2077 927 a

175 993 355 1081 Viris·
389 994 587 1055 doctis
628 995 976 1077 peritisque
1019 994 1247 1056 harum
1287 1015 1506 1056 rerum
1549 993 1800 1055 arbitris
1847 995 2079 1056 edoce-

170 1142 312 1200 rer,
382 1129 603 1183 utrum
655 1122 723 1183 in
780 1123 902 1185 hac
955 1123 1050 1184 rei
1103 1121 1445 1182 litterariae
1501 1122 1823 1183 Romanae
1875 1127 2076 1204 parte,

171 1269 338 1332 quae
372 1251 452 1311 ad
483 1251 605 1312 hoc
633 1269 835 1332 usque
867 1257 1118 1332 tempus
1158 1268 1351 1330 quam
1393 1219 1628 1310 inculta
1667 1227 2079 1332 neglectaque
2129 1244 2144 1253 “

174 1376 441 1461 jacuerit
454 1423 474 1456 ‚
517 1397 710 1439 nemo
750 1376 984 1454 nescit,
1044 1396 1190 1437 cum
1232 1376 1713 1459 pervestiganda
1756 1384 1892 1437 tum
1934 1377 2079 1437 illu-
2154 1448 2158 1453 ¹

139 1556 145 1558 a
178 1506 431 1567 stranda
472 1524 705 1587 operae
746 1504 1024 1586 pretium
1065 1502 1388 1582 fecissem,
1432 1504 1550 1567 nec
1586 1526 1688 1567 ne.
1756 1503 1899 1567 Jam
1934 1526 2081 1567 cum

177 1633 533 1695 istiusmodi
578 1633 775 1694 libelli
817 1632 1203 1710 scholastici,
1247 1632 1363 1695 vix
1389 1634 1657 1717 inspecti
1702 1654 1740 1695 a
1779 1634 2080 1716 quopiam

176 1763 488 1845 lectique,
535 1760 768 1823 deferri
810 1762 1082 1840 soleant,
1126 1768 1197 1823 ut
1236 1761 1433 1823 Poeta
1475 1763 1598 1842 ait,

576 1889 648 1949 in
690 1871 910 1950 vicum
943 1891 1325 1951 vendentem
1365 1901 1473 1952 tus
1515 1901 1579 1952 et
1621 1893 1851 1955 odores

265 2020 354 2081 Et
387 2017 580 2102 piper
622 2029 685 2080 et
725 2017 1039 2101 quidquid
1080 2018 1327 2080 chartis
1369 2019 1678 2082 amicitur
1717 2021 1979 2106 ineptz‘S,

62 2232 67 2235 Π
179 2154 247 2210 et
287 2147 607 2209 rarissime
647 2145 969 2209 inveniant
1012 2167 1342 2210 censorem
1393 2170 1630 2212 navum
1683 2171 1756 2212 ac
1813 2151 2077 2235 diligen-

175 2282 311 2339 tem
325 2322 346 2356 ,
390 2275 607 2339 curavi
622 2321 644 2354 ,
686 2281 761 2336 ut
788 2274 961 2337 illam
991 2276 1189 2350 veluti
1217 2276 1429 2360 bigam
1464 2277 2080 2341 Commentationum

179 2405 261 2467 de
326 2403 406 2466 L.
462 2402 658 2466 Vario
727 2410 791 2465 et
845 2404 1059 2466 Cassio
1110 2405 1434 2468 Parmensi
1508 2427 1708 2468 unum
1778 2408 2081 2471 volumen

183 2532 712 2614 complecteretur
751 2532 945 2615 idque
989 2533 1079 2596 sic
1121 2534 1514 2596 commodius
1557 2534 1887 2598 hominum
1931 2503 2085 2599 eru-

181 2661 458 2724 ditorum
498 2659 732 2746 judicio
773 2659 1205 2745 subjiceretur.

351 2788 465 2854 His
507 2791 590 2853 de
633 2790 925 2853 editionis
963 2791 1225 2854 iteratae
1253 2791 1514 2855 consilio
1541 2794 1898 2877 praemissis
1911 2841 1932 2874 ,
1976 2815 2080 2858 res

179 2919 316 3002 ipsa
347 2919 677 2997 admonet,
720 2924 792 2981 ut
826 2920 906 2980 de
935 2919 1101 3008 illius
1139 2922 1492 3005 argumenti
1534 2925 1836 2986 tractandi
1865 2925 2077 3004 mod0,

165 3053 312 3128 'quo
354 3068 507 3109 usus
549 3069 728 3127 sum,
772 3067 973 3130 pauca
1015 3047 1240 3111 dicam.
1330 3051 1503 3128 Quae
1548 3051 1628 3114 de
1668 3058 1935 3134 utroque
1967 3052 2082 3114 illo

185 3181 371 3257 poeta
415 3177 583 3259 apud
613 3178 949 3260 scriptores
978 3183 1228 3240 veteres
1256 3180 1663 3261 reperiuntur
1701 3180 2078 3260 testimonia,

183 3323 259 3366 ea
316 3323 518 3386 quam
564 3325 765 3387 pauca
820 3305 943 3367 sint
997 3312 1066 3369 et
1117 3324 1307 3388 quam
1364 3307 1556 3370 dubia
1605 3309 2080 3392 maximamque

183 3439 430 3516 partem
465 3438 903 3511 controversa,
945 3435 1266 3496 neminem
1296 3456 1434 3498 esse
1468 3443 1622 3518 puto
1666 3438 1775 3519 qui
1815 3437 2083 3523 ignoret.

189 3557 517 3644 Ejusmodi
571 3560 763 3645 igitur
803 3561 939 3626 loca
982 3563 1226 3627 deserta
1268 3583 1342 3627 ac
1386 3565 1697 3630 senticosa
1739 3588 1885 3630 cum
1926 3565 2085 3630 mihi
