2236 3932
233 115 360 180 222
819 134 901 174 nn
949 133 1172 175 cAssm
1210 133 1572 175 PARMENsx.

234 278 439 338 essent
481 271 878 334 contumeliis
930 271 998 329 in
1042 289 1320 331 summos
1363 289 1436 331 ac
1477 271 1896 333 nobilissiinos
1939 293 2127 352 quos-

233 394 358 458 que
384 373 701 450 homineS‚
745 370 980 453 partim
1010 374 1187 428 tanta
1217 371 1564 452 composita
1589 373 1895 449 libertate,
1928 393 2130 452 quan-

231 480 386 540 tam,
427 472 722 553 suspicax
787 467 1057 551 Augusti
1122 467 1490 550 Tiberiique
1557 472 1896 552 imperium
1957 472 2132 534 ferre

231 594 364 635 non
418 570 735 653 posset20).
843 568 930 628 At
997 567 1196 628 Cassii
1248 567 1500 631 Etrusci
1569 572 1878 647 carmina,
1949 571 2131 634 inve-

231 679 418 735 nusta
471 670 730 752 quidem
784 674 848 729 et
903 666 1106 727 futilia
1120 711 1140 744 ‚
1207 673 1418 728 tamen
1458 670 1721 732 innoxia
1742 678 1829 731 -et
1869 671 2131 733 minime

231 775 453 835 odiosa
498 815 509 831 -.
519 769 658 850 quis
715 767 836 828 sibi
900 767 1278 848 persuadeat
1343 788 1692 851 verumque
1750 791 1888 832 esse
1956 777 2133 852 putet

234 871 502 934 Senatus
545 869 799 928 decreto
843 867 1168 928 combusta
1207 863 1392 928 esse?
1433 867 1646 951 Nugae
1671 870 1955 952 profecto
1989 876 2135 930 sunt

233 970 627 1053 excogitatae
670 968 803 1029 sive
845 987 883 1027 a
927 965 1382 1044 GrammaticO,
1439 969 1583 1048 qui,
1633 971 1914 1052 neglecta
1960 971 2134 1031 omni

232 1079 589 1151 temporum
631 1067 1092 1147 hominumque
1134 1067 1380 1127 ratione
1394 1110 1414 1145 ‚
1479 1067 1646 1129 hunc
1690 1069 1968 1129 Cassium
1982 1113 2003 1146 ,
2060 1075 2135 1128 ut

231 1168 361 1254 jam
431 1167 851 1228 Ruhnkenius
923 1171 988 1226 et
1059 1165 1463 1226 Heindorfius
1531 1167 1915 1248 suspicatur,
1988 1189 2135 1230 cum

233 1269 450 1331 Cassio
493 1266 736 1330 Severo
782 1271 1036 1326 oratore
1081 1264 1530 1342 confunderet,
1576 1266 1744 1343 sive,
1789 1268 1957 1348 quod
1998 1288 2135 1328 ma·
2213 1299 2221 1308 ·

231 1370 379 1448 lim,
425 1389 464 1430 a
503 1367 763 1428 librario
807 1365 1062 1447 stupido
1106 1371 1170 1425 et
1197 1365 1366 1426 male
1397 1366 1638 1427 sedulo.
1721 1365 1939 1447 Neque
1965 1368 2137 1428 enim

231 1469 500 1530 Helenio
553 1466 788 1528 Acroni
845 1472 978 1526 tam
1035 1471 1291 1545 turpem
1331 1464 1776 1546 imputaverim
1818 1486 2134 1528 errorem:

231 1588 357 1652 qua
417 1568 488 1628 in
544 1566 840 1648 opinione
895 1584 1001 1625 me
1061 1563 1392 1626 confirmat
1445 1564 1893 1645 Porphyrionis
1937 1586 2013 1627 ea
2057 1567 2138 1627 de

232 1689 307 1730 re
364 1667 700 1728 silentium.
786 1664 1104 1725 Mittamus
1157 1663 1348 1747 igitur
1388 1664 1558 1724 istud
1603 1662 1871 1725 Senatus
1917 1666 2136 1726 decre-

232 1775 369 1830 tum
386 1811 406 1844 ,
478 1765 653 1846 quod
708 1762 1041 1824 confictum
1099 1769 1192 1824 est
1248 1764 1327 1823 ab
1384 1763 1673 1840 homine,
1743 1766 1856 1845 qui
1896 1764 2139 1826 Horatii

231 1873 510 1931 mentem
553 1885 626 1926 ac
685 1863 1016 1925 consilium
1057 1884 1187 1923 non
1228 1869 1691 1942 assequeretur.
1778 1865 2138 1924 Permirum

231 1967 450 2048 utique
508 1970 641 2042 est,
714 1963 884 2044 quod
938 1963 1234 2024 Horatius
1289 1963 1369 2023 de
1425 1963 1532 2022 illa
1599 1983 1672 2024 re
1729 1963 1977 2024 locutus
2040 1969 2138 2024 est

232 2074 562 2146 tamquam
601 2065 841 2124 incerta
883 2068 946 2123 et
1004 2082 1195 2142 quam
1246 2061 1438 2124 fando
1482 2069 1732 2123 tantum
1775 2063 2136 2144 accepisset.

235 2166 469 2243 Quidni
510 2185 630 2247 pro
674 2168 844 2225 certo
890 2161 1197 2238 affirmat,
1244 2161 1527 2223 Cassium
1558 2161 1894 2222 Etruscum
1937 2162 2138 2243 capsis

232 2266 535 2347 librisque
577 2283 718 2324 esse
759 2257 1173 2324 ambustum?
1229 2261 1396 2323 Num
1446 2261 1600 2321 illud
1649 2262 1868 2322 multis
1911 2262 2139 2322 seculis
2225 2339 2230 2344 ἡ

234 2373 380 2429 ante
404 2364 634 2426 factum
658 2360 787 2447 jam
813 2361 1130 2423 exciderat
1155 2361 1488 2422 hominum
1502 2361 1808 2421 memoria
1835 2361 2138 2441 temporis

237 2465 637 2527 diuturnitate
679 2456 1155 2523 oblitteratum?
1212 2459 1297 2522 Et
1340 2481 1454 2522 cur
1495 2461 1750 2521 tandem
1794 2460 1987 2521 Cassii
2030 2479 2137 2521 ca-

235 2567 430 2628 daver
472 2562 882 2639 carminibus,
939 2581 1104 2642 quae
1158 2560 1266 2621 ille
1308 2561 1492 2623 vivus
1513 2560 1903 2640 scripserat,
1962 2580 2136 2620 com·
2232 2548 2236 2592 1

233 2667 491 2727 bustum
533 2659 675 2725 est?
717 2662 888 2723 Haec
930 2667 992 2723 et
1035 2660 1188 2737 alia,
1234 2680 1396 2741 quae
1439 2666 1752 2720 attentum
1793 2655 1980 2741 hujus
2015 2658 2138 2719 loci

233 2766 540 2828 lectorem
581 2758 958 2844 suspensum
999 2760 1519 2842 dubitantemque
1577 2765 1835 2819 teneant
1875 2777 2137 2819 necesse

233 2871 360 2943 est,
418 2883 524 2924 me
578 2863 927 2938 adducunt,
999 2866 1107 2946 αἱ,
1163 2860 1478 2941 quidquid
1523 2861 1603 2919 de
1650 2858 1848 2918 Cassii
1889 2856 2138 2919 Etrusci

236 2965 553 3047 sepultura
608 2961 712 3022 hic
765 2961 1037 3020 relatum
1105 2960 1404 3043 legimuS,
1477 2960 1556 3020 ab
1613 2958 1870 3018 Horatio
1925 2953 2137 3038 jocose

235 3065 451 3126 fictum
508 3082 648 3124 esse
702 3060 977 3121 credam.
1077 3059 1194 3121 Cui
1249 3059 1590 3139 suspicioni
1642 3076 1825 3118 meae
1867 3057 2136 3117 multum

235 3161 690 3246 probabilitatis
726 3160 972 3220 accedit
1015 3179 1103 3221 ex
1145 3179 1206 3221 v.
1252 3159 1621 3234 ambustus,
1683 3156 1852 3236 quod
1894 3161 2137 3215 tantum

237 3264 414 3324 abest
469 3268 539 3321 ut
596 3261 768 3322 idem
809 3258 888 3319 sit
929 3261 1101 3339 quod
1142 3260 1540 3333 combustus,
1596 3262 1669 3316 ut
1710 3255 1867 3315 illud
1911 3255 2136 3315 eodem

240 3382 386 3423 cum
429 3361 717 3423 acumine
757 3366 1131 3439 usurpatum
1174 3378 1314 3420 esse
1357 3364 1612 3439 putem,
1658 3376 1784 3436 quo
1826 3354 2008 3414 Libri
2027 3352 2132 3412 IV.

383 3564 476 3630 20)
505 3561 575 3612 Ea
600 3562 658 3612 de
686 3579 738 3612 re
762 3561 882 3610 infra
907 3562 1144 3624 copiosius
1177 3563 1442 3624 expositum
1464 3568 1535 3610 est
1561 3561 1608 3607 iu
1636 3556 1841 3607 Excurs.
1866 3552 1933 3604 Π.
