2236 3932
846 135 1178 179 nxcunsus
1223 135 1288 177 v.
1887 116 2008 179 345

132 277 355 338 tientes
371 319 391 351 ‚
450 274 606 337 haec
647 274 1021 360 adnotarimt
1075 275 1156 335 ad
1206 292 1271 335 v.
1319 274 1409 332 1.ae
1477 314 1524 346 „
1536 272 1724 332 Ilaec
1763 273 1882 334 ode
1923 273 2017 334 ad

130 373 496 437 Antonium
536 377 587 435 J
583 375 761 435 ulum
817 372 934 450 (sie
982 373 1230 432 emend.
1273 391 1390 452 pro
1429 370 1705 449 Julium)
1718 413 1743 445 ,
1799 371 2021 434 Marci

13 544 22 551 ,
132 473 420 535 Antonii
440 473 670 555 filium
709 470 1007 533 scribitur
1021 475 1069 507 “
1110 476 1231 530 etc.
1293 476 1481 550 atque
1522 472 1749 532 eodem
1790 472 2014 533 ordine

133 574 291 635 haec
332 574 588 634 nomina
629 573 789 633 odae
846 567 1228 650 praescripta
1276 568 1681 631 inveniuntur
1730 569 1801 631 in
1851 591 2017 633 non·-

134 675 319 735 nullis
362 670 680 734 Torrentii
723 675 789 731 et
830 667 1329 749 Vanderbourgii
1379 669 1726 732 codicibub.
1822 668 2019 731 Acce-

136 772 259 847 dit,
312 773 485 852 quod
528 770 698 829 haud
739 767 923 849 pauci
963 764 1274 827 Juliormn
1313 766 1631 829 habebant
1672 775 2022 853 cognomen

131 869 285 931 Jali.
371 869 482 930 Sic
519 870 588 929 in
628 867 827 928 Fastis
872 863 1239 945 Capitolinis
1283 867 1555 927 occurrit
1589 869 1656 930 G.
1675 867 1899 930 ..latim
1935 868 2018 930 L.

132 970 212 1030 F.
266 970 456 1031 Iulus
513 970 654 1029 CoS.
712 986 770 1027 a.
814 966 888 1026 U.
935 963 1004 1025 C.
1049 964 1194 1024 264.
1210 1007 1231 1041 ,
1288 972 1688 1028 memoratuss
1734 969 1928 1030 etiam
1983 988 2023 1029 a

132 1068 438 1146 Dionysio
495 1067 693 1128 Halic.
748 1063 928 1125 Libr.
972 1062 1137 1124 VIII.
1193 1084 1259 1144 P·
1319 1062 1503 1124 1502.
1559 1066 1636 1128 R.
1662 1069 2024 1149 ⁸dictusque

134 1169 306 1237 Γάϊος
336 1167 531 1236 Ἶέλιος
562 1166 804 1234 Ἰἐλλος,
847 1163 1109 1243 aliique,
1154 1182 1316 1242 quos
1354 1162 1590 1225 videsis
1631 1166 1699 1226 iu
1739 1166 1792 1228 Ι.
1827 1167 1897 1228 C.
1927 1166 2019 1228 Μ.

133 1265 457 1327 Laurentii
495 1265 711 1325 Indice
753 1263 820 1323 in
858 1262 1003 1323 illos
1037 1260 1254 1322 Fastos
1288 1282 1340 1322 S.
1370 1282 1434 1322 n.
1464 1263 1630 1324 Julii
1667 1286 1729 1346 p.
1765 1267 1888 1326 139
1920 1286 2018 1347 sq.

136 1365 353 1445 Itaque
397 1363 702 1446 suspicari
754 1362 895 1442 quis
945 1361 1173 1443 possit,
1230 1361 1403 1421 idem
1459 1382 1808 1445 cognomen
1850 1384 1889 1425 a
1930 1362 2022 1426 M.

133 1464 409 1524 Antonio
452 1471 633 1544 patre
674 1461 1040 1542 impositum
1082 1479 1220 1520 esse
1259 1458 1388 1520 filio
1421 1467 1573 1520 natu
1602 1463 1853 1524 minori.
1940 1463 2025 1526 At

134 1563 282 1623 huic
323 1561 658 1642 suspicioni
692 1562 941 1621 obstant
967 1559 1061 1619 illi
1087 1558 1253 1618 Fasti
1282 1557 1612 1638 Capitolini
1630 1604 1651 1636 ,
1692 1561 1761 1620 in
1791 1562 2025 1642 quibus

135 1660 438 1722 Consules
482 1660 629 1720 anni
671 1661 747 1721 U.
791 1659 862 1721 C.
905 1660 1050 1719 743.
1092 1665 1535 1733 recensentur:
1577 1661 1769 1721 Iulus
1808 1660 2029 1723 Anto-

133 1760 286 1821 nius
336 1764 430 1821 M.
472 1761 547 1841 f.
588 1763 681 1821 M.
722 1780 792 1819 n.
845 1755 1218 1838 Africanam
1271 1763 1334 1818 et
1395 1758 1469 1836 Q.
1519 1758 1766 1820 Fabius
1826 1759 1899 1840 Q.
1943 1759 2023 1823 F.

132 1859 495 1920 Maximus.
579 1858 920 1919 Antonium
960 1857 1143 1916 illum
1184 1875 1324 1917 esse
1366 1877 1546 1934 eum,
1605 1860 1686 1920 de
1743 1881 1892 1940 quo
1920 1858 2029 1922 hic

135 1979 344 2019 sermo
387 1960 502 2035 sit,
545 1959 798 2020 aliunde
844 1961 1122 2030 constat3
1183 1957 1263 2016 de
1308 1957 1644 2039 agnomine
1685 1957 2026 2038 Africani,

133 2058 302 2139 quod
346 2057 505 2119 falso
559 2059 632 2119 ei·
672 2057 1004 2130 tribuitur,
1063 2075 1207 2117 culn
1261 2057 1341 2115 ad
1382 2056 1649 2118 Fabium
1691 2058 2025 2139 pertineat,

131 2158 372 2218 erudite
400 2158 694 2239 exposuit
723 2158 801 2218 ad
835 2154 1120 2217 Suetonii
1149 2154 1365 2216 Claud.
1397 2176 1452 2217 c.
1485 2158 1546 2217 2.
1572 2157 2026 2240 Baumgarten-

132 2255 422 2333 ernisius,
476 2276 753 2338 quocum
808 2254 954 2316 facit
993 2254 1400 2316 Drumannus
1455 2257 1520 2315 in
1562 2257 1795 2318 Histor.
1838 2256 2026 2318 Rom.

134 2355 322 2416 Tom.
364 2355 420 2416 Ι.
470 2377 536 2437 p.
582 2357 728 2418 520.
770 2355 846 2416 Ν.
888 2355 994 2415 43.
1036 2387 1122 2401 —-
1190 2352 1367 2414 Idem
1413 2355 1817 2416 Drumannus
1859 2362 2032 2418 recte

133 2455 458 2531 admonet,
500 2474 739 2516 nomen
764 2452 934 2528 suli,
976 2453 1222 2515 utrovis
1251 2459 1594 2533 poneretur
1626 2456 1819 2517 modo
1834 2499 1855 2533 ,
1899 2475 2032 2517 non

130 2554 417 2635 potuisse
450 2554 673 2616 haberi
701 2573 933 2615 nomen
961 2552 1211 2636 gentile.
1274 2551 1421 2613 Fuit
1447 2553 1607 2614 illud
1636 2549 2030 2636 praenomen

0 2647 3 2668 ⁴
130 2659 195 2714 et
237 2673 383 2716 cum
425 2673 463 2715 a
507 2653 919 2736 scriptoribus
960 2651 1152 2734 vulgo
1208 2659 1738 2733 praeponeretur,
1798 2655 2027 2732 evenit,

2 2778 6 2818 ,ι
129 2760 200 2814 ut
240 2772 279 2814 a
317 2749 593 2814 librariis
634 2752 803 2813 male
845 2750 1054 2813 sciolis
1097 2751 1542 2831 depravaretur
1600 2759 1664 2815 et
1702 2753 1772 2814 in
1814 2754 2026 2816 nomi·

129 2851 227 2913 nis
251 2851 550 2936 gentilicii
575 2850 845 2912 formam
875 2891 919 2926 „
933 2848 1151 2913 Julius
1169 2853 1213 2888 “
1245 2857 1786 2915 transmutaretur.
1873 2853 2029 2916 Inde

4 2957 5 2969 ¹
36 2972 43 2979 ’
131 2957 230 3012 tot
267 2958 451 3013 natae
493 2957 642 3012 sunt
682 2950 942 3027 turbae,
995 2956 1217 3031 totque
1258 2948 1587 3013 hominum
1629 2953 2033 3014 eruditorum

4 3064 5 3068 ’
129 3069 407 3127 errores,
464 3049 751 3132 quamvis
802 3049 870 3110 in
924 3048 1136 3130 aprico
1178 3055 1376 3128 esset,
1437 3050 1759 3115 Codicum
1800 3052 2042 3115 nullam

130 3149 250 3211 hac
288 3149 357 3210 in
398 3169 618 3211 caussa
660 3168 798 3211 esse
838 3166 1030 3231 posse
1080 3148 1555 3212 auctoritatem!
1622 3152 1680 3212 A
1725 3150 2041 3213 Glandor·

132 3248 238 3329 pio
290 3248 359 3308 in
417 3248 740 3311 onomast.
799 3270 866 3329 p.
925 3245 1033 3309 85.
1090 3248 1198 3309 ille
1255 3250 1617 3311 nominatur
1668 3253 1764 3313 M.
1818 3248 2037 3313 Julius

7 3349 10 3395 ἲ
127 3345 499 3409 Antonium
532 3368 669 3429 quo
697 3346 857 3408 nihil
896 3353 990 3408 est
1018 3347 1298 3409 inscitius
1331 3367 1405 3411 ac
1435 3350 1691 3412 vanius!
1740 3350 2024 3412 Torren-

127 3445 250 3506 tius
302 3446 563 3526 quidem
611 3447 682 3508 in
720 3447 870 3529 aliq.
911 3445 1158 3508 Horatii
1182 3445 1534 3510 ⁴(lodicibus
1577 3449 1823 3514 invenit
1866 3449 2022 3511 titu-

128 3539 259 3606 lum
299 3545 392 3606 illi
440 3545 619 3609 Odae
659 3546 1091 3631 praepositum
1132 3547 1334 3611 hunc:
1377 3548 1497 3613 Ad
1529 3550 1628 3613 M.
1667 3546 2038 3615 Amom‘t'vm
