2236 3932
255 152 380 214 204
830 160 913 203 m:
960 162 1184 204 cAss1o
1231 167 1596 209 rAmuENm.

251 295 433 385 Adde
491 315 706 358 rerum
760 296 1073 376 inopiam,
1145 317 1270 378 qua
1339 317 1490 359 eum
1560 299 1799 381 quippe
1867 303 2154 367 sordidae

252 394 510 476 orIginis
578 393 915 476 juvenem,
973 401 1312 474 antequam
1353 415 1440 456 ex
1494 398 1767 458 tenebris
1822 398 1889 458 in
1956 402 2156 463 solem

253 501 316 555 et
358 494 688 575 pulverem
730 492 1042 573 prodiret,
1102 493 1419 556 laborasse
1471 495 1996 560 verisimillimum
2038 507 2155 560 est.

250 593 368 654 Illa
412 600 622 652 autem
666 591 934 650 dubitari
970 592 1195 671 nequit
1237 594 1389 673 quin
1416 595 1552 655 istis
1594 597 1964 674 praesertim
1993 603 2155 659 tem-

248 692 516 774 poribus
571 690 893 770 ingenium
949 686 1088 770 ejus
1156 696 1386 751 natura
1450 693 1804 755 violentum
1873 702 1939 756 et
2007 716 2154 757 acre

250 791 448 872 magis
490 788 832 848 intenderit
876 789 956 847 ad
998 789 1404 849 eluctandum
1437 792 1743 872 quidquid
1785 800 1947 854 esset
1988 795 2153 856 vitae

252 887 691 948 difficultatum
705 930 726 962 ‚
799 887 912 946 sed
971 887 1158 946 simul
1216 888 1496 948 animum
1562 893 2033 972 exasperaverit
2087 899 2154 954 et

249 988 346 1046 ira
389 986 663 1064 odioque
723 986 1002 1063 quodam
1042 985 1382 1046 hominum
1423 986 1716 1049 efferarit.
1814 990 2153 1072 Propterea

249 1085 363 1146 vix
420 1084 665 1143 adultus
720 1083 886 1145 vitae
942 1082 1264 1146 maleficae
1320 1084 1579 1147 infamia
1635 1086 1899 1170 flagrare
1943 1092 2154 1172 coepit

248 1191 311 1244 et
352 1183 420 1242 in
463 1183 823 1262 aequalium
866 1183 1011 1244 odia
1052 1183 1397 1244 incurrere.
1492 1185 1718 1246 Postea
1758 1207 1945 1264 vero,
2006 1210 2152 1250 cum

247 1281 587 1343 excellenti
628 1282 881 1365 ingenio
924 1283 1338 1363 doctrinaque
1367 1289 1578 1344 orator
1608 1276 1940 1363 evasisset,
1984 1289 2153 1347 mul-

246 1390 457 1446 torum
472 1424 492 1457 ‚
563 1402 722 1461 quos
779 1381 1041 1442 subinde
1101 1383 1281 1443 dictis
1351 1383 1720 1464 scriptisque
1774 1385 2150 1463 irritaverat,

246 1480 589 1541 inimicitiis
634 1500 968 1561 oppressus
1012 1481 1101 1542 sic
1143 1482 1468 1558 occubuit,
1526 1488 1599 1542 ut
1640 1479 1888 1566 grandis
1930 1478 2150 1548 admo-

247 1581 404 1640 dum
445 1579 755 1659 inopsque
799 1600 1001 1642 senex
1044 1586 1106 1642 et
1146 1581 1347 1664 patria
1390 1581 1666 1643 extorris
1707 1582 1772 1643 in
1817 1585 1986 1646 saxis
2031 1584 2151 1648 Se-

247 1678 471 1762 riphiis
512 1677 738 1740 obiret.
1481 1665 1484 1667 Α
1698 1689 1703 1693 ’

416 1982 674 2044 Praeter
729 1982 1041 2044 orationes
1099 2004 1136 2045 a
1203 1982 1387 2046 nobis
1443 1980 1576 2067 jam
1633 1991 2152 2046 commemoratas

247 2083 444 2145 multa
498 2083 618 2143 alia
676 2083 836 2146 varii
893 2084 1139 2167 generis
1196 2085 1276 2146 ab
1335 2105 1413 2145 eo
1468 2084 1814 2166 composita
1858 2085 2151 2165 editaque

248 2202 389 2244 esse
434 2202 665 2264 opera,
739 2203 884 2244 cum
936 2203 1053 2263 per
1107 2203 1174 2244 se
1232 2183 1531 2244 credibile
1591 2189 1719 2261 est,
1780 2189 1920 2243 tum
1963 2184 2150 2244 etiam

247 2282 436 2345 certis
480 2288 807 2343 auctorum
848 2282 1218 2362 testimoniis
1238 2283 1567 2365 cognitum
1607 2282 1937 2343 habemus..
2010 2283 2151 2342 Pri—

246 2402 425 2444 mum
483 2381 766 2442 animum
825 2381 1090 2444 advertit
1159 2387 1448 2442 nostrum
1503 2382 1660 2442 illud
1719 2402 1875 2462 opus
1891 2426 1911 2459 ‚
1981 2382 2152 2462 quod

238 2483 555 2565 allegatur
597 2501 634 2541 a
673 2482 981 2542 Diomede
1036 2479 1214 2540 Libr.
1253 2480 1304 2540 I.
1349 2503 1413 2562 p.
1451 2483 1595 2543 370.
1637 2482 1709 2541 P.
1795 2481 2151 2559 „Adolesco

249 2581 520 2643 adolevit
560 2579 744 2657 facit,
800 2601 948 2640 nam
990 2579 1288 2663 Virgilius
1332 2581 1422 2642 sic
1464 2581 1758 2659 declinat,
1803 2602 1963 2641 mox
2004 2601 2152 2639 cum

246 2690 516 2744 matura
585 2678 937 2739 adoleverit
1008 2689 1215 2740 aetas.
1334 2679 1584 2741 Tamen
1655 2680 1865 2741 adolui
1930 2679 2152 2741 volunt

250 2779 509 2860 quidam
561 2777 631 2837 in
689 2777 992 2840 sacrificio
1054 2779 1214 2855 dici,
1292 2785 1354 2840 et
1410 2780 1632 2842 venire
1676 2780 1755 2840 ab
1801 2798 1878 2839 eo
1892 2822 1914 2856 ,
1979 2777 2153 2857 quod

248 2885 380 2955 est,
442 2876 685 2938 adoleO.
787 2877 918 2939 Sed
961 2884 1024 2939 et
1063 2878 1131 2941 in
1173 2877 1474 2939 sacrificio
1517 2877 1733 2939 Actius
1779 2876 2025 2938 Cassius
2070 2877 2152 2935 ad

252 2977 587 3038 Tiberium
641 2979 918 3038 secundo
936 3021 956 3055 ,
1031 2978 1309 3039 adolevit
1366 2977 1549 3038 dixit.
1649 2974 1752 3037 Sic
1805 2986 1866 3035 et
1919 2984 2151 3035 contra

247 3076 319 3139 {A
324 3073 589 3157 egyptiis
629 3073 993 3135 mctoeimum
1036 3075 1431 3156 sacrificium
1443 3119 1466 3151 ,
1510 3075 1626 3137 ubi
1659 3075 1983 3153 integrum
2027 3094 2151 3133 cm-

251 3197 458 3238 serem
487 3174 982 3249 adoleverunt.“
1023 3174 1278 3240 >Eadem
1310 3175 1390 3235 de
1420 3197 1484 3238 v.
1518 3176 1876 3235 adolescere
1904 3171 2151 3254 profert

254 3274 607 3335 Priscianus
645 3271 821 3333 Libr.
847 3271 960 3330 IX.
1004 3296 1070 3354 p.
1101 3275 1248 3334 872.
1293 3274 1396 3351 P.,
1456 3274 1569 3334 ubi
1614 3273 1912 3334 Krehlius
1958 3292 2011 3332 c.
2049 3274 2148 3336 10..

250 3382 301 3447 ᾗ.
336 3371 439 3433 53.
486 3362 672 3433 Tom.
693 3370 747 3431 I.
790 3372 1028 3452 p.‚468.
1073 3374 1301 3433 edidit:
1361 3372 1652 3450 „Cassius
1696 3373 1778 3432 ad
1822 3362 2150 3431 Tiberium

231 3473 565 3533 secundo:
632 3469 730 3533 At
784 3479 1014 3530 contra
1054 3469 1406 3554 Aegyptios
1459 3469 1854 3552 sacrficium
1893 3467 2009 3528 ubi
2046 3465 2149 3526 in-

246 3571 505 3651 tegrum
549 3556 847 3632 anserem
875 3569 1333 3631 adoluerunt.“
1419 3571 1594 3648 Quae
1623 3566 1924 3630 Prisciani
1950 3565 2149 3627 verba
