2236 3932
237 154 362 218 254
728 189 734 196 ·
824 179 904 218 DE
950 178 1174 218 cAss1o
1221 177 1583 217 PARMENSI.

235 314 500 374 alterum
542 313 1044 395 quinquennium
1088 311 1400 372 obtineret
1444 311 1646 373 Julius
1692 313 1950 391 Caesar,
1995 312 2128 398 ejus

234 414 299 472 in
354 411 556 472 Gallia
625 414 866 493 legatus
926 411 1125 470 tactus
1196 416 1318 486 est,
1392 418 1456 472 et
1523 411 1788 473 Praetor
1853 415 2130 474 urbanus

233 533 289 571 a.
335 511 402 571 U.
439 511 506 570 C.
549 513 694 570 706.
756 515 999 569 creatus
1060 530 1226 570 anno
1282 518 1587 590 sequente
1639 513 1708 572 in
1766 513 2128 593 Hispaniam

233 612 460 671 missus
519 616 647 683 est,
721 615 789 666 ut
857 602 1148 691 Longino
1214 617 1463 670 mortuo
1535 614 1930 673 succederet:
1997 613 2127 673 vid.

235 711 454 771 Cicero
500 707 579 767 ad
608 708 849 767 DiverS.
895 705 1071 766 Libr.
1105 707 1486 789 XV.ngist.
1515 713 1618 771 21.
1664 712 1741 771 cl.
1785 711 1911 771 Jul.
1947 710 2127 770 CaeS.

234 811 294 869 d.
352 809 424 867 B.
471 806 548 867 G.
604 805 784 865 Libr.
832 805 921 882 V,
970 808 1073 866 24.
1148 808 1300 884 VII,
1346 808 1452 867 81.
1522 809 1705 886 VIII,
1765 812 1869 870 46.
1928 816 1993 870 et
2049 810 2128 868 de

231 909 303 967 B.
336 907 468 968 Civ.
496 906 672 965 Libr.
703 906 766 982 I,
814 908 920 966 36.
963 906 1093 982 III,
1131 906 1234 967 20.
1322 907 1509 967 Anno
1541 908 1615 967 U.
1641 894 1708 968 C.
1739 911 1885 970 709.
1932 930 2128 989 quum

231 1007 432 1068 Julius
456 1006 691 1066 ‘Caesar
723 1025 940 1066 mense
964 1005 1328 1086 Septembri
1352 1026 1438 1066 ex
1470 1006 1765 1088 Hispania
1806 1010 2015 1069 redux
2059 1027 2128 1067 se

233 1106 574 1166 Consulatu
632 1106 1012 1182 abdicasset,
1086 1107 1159 1182 Q.
1204 1105 1468 1165 Fabium
1525 1106 1877 1166 Maximum
1932 1114 1996 1166 et
2057 1106 2127 1166 C.

231 1206 662 1277 Trebonium,
734 1225 880 1287 suos
953 1205 1275 1286 hucusque
1336 1207 1604 1288 legatOS,
1675 1207 1794 1266 sibi
1863 1205 2127 1267 suffecit.

229 1305 436 1365 Nihilo
498 1310 710 1364 tamen
765 1305 965 1364 secius
1025 1304 1093 1364 C.
1140 1306 1499 1365 Trebonius
1560 1325 1735 1381 cum,
1792 1312 1867 1364 ut
1911 1305 2128 1366 Cicero

223 1401 502 1485 Philipp.
539 1403 622 1462 ΙΙ.
670 1424 724 1463 c.
763 1405 859 1463 ll.
906 1405 1022 1480 ait,
1074 1406 1428 1465 libertatem
1485 1405 1556 1466 P.
1591 1407 1664 1464 R.
1728 1405 1912 1464 unius
1971 1405 2130 1463 ami-

133 1521 135 1523 ’
230 1505 408 1565 citiae
464 1509 912 1584 praeponeret,
986 1505 1410 1585 depulsorque
1486 1504 1843 1564 dominatus
1912 1505 2128 1565 mallet

230 1624 367 1664 esse
411 1624 600 1683 quam
643 1605 990 1685 particeps,
1054 1626 1199 1665 cum
1254 1604 1453 1665 Bruto
1513 1611 1579 1664 et
1623 1604 1834 1679 Cassio
1880 1604 2129 1685 conspi-

227 1703 412 1765 ravit.
516 1704 677 1779 Quid
695 1749 713 1779 ,
777 1705 950 1784 quod
1005 1701 1134 1785 jam
1191 1709 1369 1781 ante,
1432 1724 1624 1785 quam
1666 1704 1759 1762 illi
1803 1704 2128 1784 conspira-

226 1808 404 1878 rent,
448 1802 514 1861 id
558 1803 799 1863 consilii
828 1803 1188 1885 agitaverat.
1275 1802 1431 1862 Nam
1448 1847 1466 1876 ,
1513 1809 1765 1862 auctore
1791 1803 2127 1863 Plutarcho

227 1902 295 1962 in
350 1901 476 1962 Vit.
531 1902 791 1964 Antonii
849 1923 903 1963 c.
956 1903 1089 1979 13„
1154 1902 1302 1979 ille,
1360 1902 1530 1963 Julio
1578 1903 1845 1963 Caesare
1889 1923 1974 1963 ex
2015 1903 2128 1962 Hi-

229 2002 447 2084 spania
505 2004 846 2079 redeunte,
920 2002 1008 2062 M.
1078 2002 1423 2063 Antonium
1480 2001 1771 2062 Narbone
1844 2002 1912 2061 in
1981 2003 2130 2064 Gal-

229 2102 316 2162 lia
373 2103 800 2182 appellaverat
870 2103 950 2164 de
1018 2103 1221 2163 caedis
1279 2102 1754 2178 communione,
1830 2108 1892 2161 et
1958 2102 2130 2162 idem

226 2202 599 2261 Plutarchus
643 2201 711 2260 in
755 2200 877 2261 Vit.
921 2203 1102 2262 Bruti
1144 2223 1197 2262 c.
1233 2203 1330 2261 18.
1375 2199 1601 2277 refert,
1658 2201 1745 2259 M.
1783 2201 2129 2262 Antonium

227 2302 362 2383 ipsa
407 2301 613 2362 caedis
658 2301 759 2361 die
803 2302 968 2363 circa
1013 2301 1222 2362 curiae
1265 2298 1515 2383 januam
1548 2302 1871 2361 seductum
1903 2321 1940 2361 a
1964 2301 2128 2361 Tre-

225 2401 418 2461 bonio
449 2407 513 2461 et
539 2398 770 2482 injecto
803 2422 1096 2462 sermone
1121 2400 1274 2463 foris
1308 2402 1632 2460 detentum
1660 2419 1797 2460 esse
1811 2399 1908 2479 ⁴⁰).
1966 2400 2130 2460 Pau-

229 2501 317 2562 cis
393 2501 616 2560 diebus
691 2507 867 2582 post,
940 2522 1132 2583 quam
1201 2499 1406 2561 Julius
1474 2499 1701 2559 Caesar
1758 2499 2128 2561 interfectus

233 2599 476 2676 fuerat,
524 2599 592 2659 C.
640 2601 963 2662 Trebonio
999 2600 1324 2682 provincia
1368 2601 1445 2659 ab
1479 2598 1721 2659 Senatu
1765 2600 2010 2660 decreta
2033 2608 2128 2660 est

231 2700 391 2775 Asia,
423 2699 492 2758 in
517 2720 705 2779 quam
727 2701 987 2762 Praetor
1010 2721 1154 2760 cum
1179 2699 1449 2779 imperio
1467 2699 1781 2758 consulari
1802 2699 2129 2760 confestim

230 2798 400 2858 abiit.
501 2796 642 2857 Jam
701 2819 848 2859 cum
890 2801 1123 2860 Brutus
1181 2805 1246 2858 et
1289 2797 1571 2874 Cassius,
1633 2818 1744 2879 spe
1787 2820 1904 2879 per
1944 2800 2127 2860 ludos

229 2897 627 2979 Apollinares
670 2899 925 2978 plebem
969 2900 1088 2959 sibi
1134 2898 1508 2959 conciliandi
1549 2897 1830 2957 frustrati
1870 2899 1935 2957 in
1979 2920 2128 2979 pro-

230 2996 465 3059 vincias
526 2997 606 3056 ab
664 2996 831 3058 Julio
877 3000 1145 3059 Caesare
1201 2997 1356 3079 ipsis
1402 2976 1715 3072 (lebetas,
1787 2997 2020 3058 Brutus
2061 3000 2128 3058 in

231 3095 663 3156 Macedoniam
681 3141 701 3173 ,
787 3098 856 3156 in
923 3097 1176 3176 Syriam
1248 3096 1525 3172 CassiuS,
1598 3096 1800 3156 Roma
1863 3097 2126 3178 profecti

232 3201 711 3282 properassent,
788 3197 901 3256 Cn.
958 3197 1318 3273 Dolabella,
1393 3194 1652 3256 Antonii
1691 3196 1758 3255 in
1803 3197 2125 3257 consulatu
2223 3197 2236 3222 ²

233 3296 502 3378 collega,
561 3316 677 3377 per
716 3296 1055 3377 populum,
1112 3297 1309 3357 invito
1355 3294 1595 3378 Senatu
1613 3340 1631 3371 ,
1690 3293 2014 3373 effecerat,
2058 3302 2128 3354 ut

376 3525 468 3589 40)
508 3523 749 3574 Plutarchi
787 3541 842 3572 ea
873 3525 923 3571 in
957 3542 1011 3572 re
1049 3524 1192 3573 fidem
1230 3534 1435 3586 praestat
1456 3510 1622 3573 Cicero
1642 3523 1848 3586 Philipp.
1869 3521 1934 3570 Π.
1973 3527 2121 3571 c.14.

234 3606 279 3644 et
316 3595 467 3646 XIII.
508 3614 550 3646 c.
590 3604 670 3648 10.
706 3597 768 3645 cl.
807 3595 1021 3657 Appian.
1058 3596 1117 3643 de
1153 3594 1215 3644 B.
1245 3595 1350 3645 Civ.
1386 3595 1524 3644 Libr.
1550 3595 1620 3643 ss.
1657 3614 1699 3643 c.
1734 3601 1852 3644 117.
