2236 3932
177 132 300 196 152
770 155 853 193 m:
898 155 956 195 ι..
985 154 1194 196 VAmo
1239 154 1479 195 ronrA.

172 285 561 351 induxerat?
616 294 684 352 et
723 290 779 350 si
819 309 894 351 ea
937 289 1215 350 carmina
1256 308 1423 350 anno
1466 289 1541 349 U.
1574 289 1644 350 C.
1672 290 1856 368 715.,
1900 298 2077 372 post-

173 409 368 471 quam
410 409 625 452 secum
669 388 1129 451 communicata
1158 386 1409 450 fuerant
1432 394 1498 450 et
1521 388 1686 450 lecta
1700 433 1720 467 ,
1766 390 2076 452 cothurno

173 486 531 570 Sophocleo
590 490 778 571 digna
832 487 1283 567 appellaverat,
1344 488 1480 549 sive
1537 508 1763 550 eorum
1806 490 2079 550 admira-

172 589 348 649 tione
391 590 685 668 abreptus
704 630 726 664 ,
785 587 919 648 sive
961 587 1118 669 grati
1157 587 1226 647 in
1268 593 1606 667 patronum
1650 589 1844 649 animi
1886 609 2078 650 sensu

176 683 451 750 ductus?
496 688 850 766 Utcumque
894 692 1021 763 est,
1064 685 1132 745 id
1175 685 1333 745 mihi
1373 690 1574 768 paene
1619 698 1861 750 certum
1901 690 2080 752 vide·

173 794 279 848 tur
292 832 312 865 ,
380 785 734 868 tragoedias
791 784 1092 846 Pollionis
1154 785 1264 846 illo
1324 792 1615 867 tempore
1671 790 1956 850 nondum
2011 789 2082 848 in
2199 808 2204 812 ·

174 888 400 969 vulgus
445 885 673 945 exiisse
690 927 710 961 ,
767 886 1006 945 nedum
1059 884 1129 944 in
1170 884 1426 948 urbium
1468 885 1858 948 Venetarum
1900 887 2083 948 thea-

173 987 288 1046 tris
332 987 509 1045 datas
553 1004 691 1044 esse
707 1028 726 1060 ,
772 983 1007 1064 alioqui
1048 983 1350 1066 Virgilius
1388 985 1668 1048 scribere
1708 1009 1847 1048 non
1889 994 2083 1070 potu-

173 1086 327 1145 isset
385 1090 451 1144 et
509 1090 760 1165 optare,
830 1090 906 1143 ut
963 1083 1083 1144 sihi
1125 1083 1462 1163 aliquando
1502 1086 1719 1147 liceret
1759 1088 1869 1147 illa
1913 1086 2084 1148 ferre

175 1189 382 1244 totum
422 1203 542 1266 per
584 1183 830 1244 orbem.
914 1182 1077 1243 Rem
1119 1182 1174 1242 si
1215 1183 1515 1245 universe
1557 1192 1946 1266 spectamus,
1991 1191 2086 1247 est

177 1302 327 1343 sane
370 1283 542 1363 quod
585 1283 942 1343 dubitemus
958 1327 978 1359 ,
1021 1303 1179 1342 num
1215 1282 1416 1344 Pollio
1459 1305 1765 1366 umquam
1805 1305 1884 1347 eo
1930 1305 2086 1347 con-

176 1383 318 1443 silio
362 1383 714 1464 tragoedias
771 1382 1124 1463 scripserit,
1189 1389 1263 1443 ut
1303 1383 1558 1465 publice
1598 1385 1668 1444 in
1710 1404 1897 1446 scena
1938 1404 2087 1468 age·-
2204 1429 2207 1435 -

176 1488 416 1543 rentur.
505 1481 803 1543 Virorum
853 1483 1182 1543 doctorum
1224 1502 1298 1542 ea
1341 1484 1422 1544 de
1464 1504 1536 1544 re
1581 1486 1924 1546 sententiae
1969 1505 2087 1547 ve-

177 1583 514 1643 hementer
555 1582 876 1662 hodieque
910 1583 1261 1663 discrepant
1303 1588 1365 1643 et
1395 1584 1661 1646 adversa
1687 1583 1894 1645 fronte
1918 1585 2087 1645 inter

179 1703 250 1743 se
291 1687 663 1765 repugnant.
752 1682 873 1759 Qui
903 1681 1206 1743 Pollionis
1248 1683 1602 1766 tragoedias
1644 1684 1713 1743 in
1757 1703 1945 1746 scena
1988 1684 2087 1767 agi

179 1783 390 1843 solitas
407 1802 544 1842 esse
570 1780 904 1859 affirmant,
936 1802 1159 1842 eorum
1176 1782 1483 1843 sententia
1498 1783 1728 1843 nullius
1753 1783 1876 1843 nisi
1899 1784 2086 1843 unius

177 1879 472 1943 innititur
512 1880 756 1942 Horatii
797 1881 939 1944 loco
981 1879 1161 1943 Libr.
1189 1881 1273 1942 H.
1333 1879 1457 1942 Od.
1496 1883 1555 1943 l.
1599 1902 1662 1945 v.
1692 1883 1789 1943 9.:
1835 1883 2090 1957 „Paul-

182 1982 319 2041 lum
376 2001 638 2042 severae
690 1982 894 2042 Musa
950 1979 1331 2059 tragoediae
1385 1979 1549 2041 desit
1603 1981 1878 2043 theatris
1933 1983 1997 2043 h.
2029 2002 2088 2042 6.

183 2081 403 2141 omitte
447 2080 728 2140 studium
772 2079 1246 2141 scribendarum
1289 2081 1785 2164 tragoediarum,
1830 2082 2091 2162 quaein

183 2179 445 2240 theatris
502 2186 796 2262 agantur,
868 2180 1198 2260 tantisper,
1273 2181 1421 2241 dum
1437 2219 1460 2254 ,
1532 2182 1704 2261 quod
1759 2180 2089 2257 inchoasti,

185 2279 556 2340 historicmn
585 2281 664 2340 de
690 2278 872 2340 bellis
902 2279 1186 2341 civilibus
1215 2300 1375 2360 opus
1401 2279 1827 2361 pertexueriS.
1897 2277 2090 2362 Cujus

185 2379 531 2440 testimonii
587 2380 684 2443 vis
739 2386 974 2461 quanta
1014 2380 1134 2440 hac
1176 2379 1246 2439 in
1289 2399 1508 2440 caussa
1552 2381 1664 2458 sit,
1737 2401 1870 2440 non
1911 2379 2091 2461 prius

185 2478 415 2558 poterit
455 2485 631 2540 recte
675 2479 1026 2554 aestimari,
1091 2499 1284 2560 quam
1342 2479 1747 2559 exploratum
1788 2479 1904 2557 sit,
1965 2499 2093 2559 quo

188 2577 439 2650 circiter
480 2584 766 2659 tempore
808 2579 915 2640 illa
958 2580 1037 2639 ab
1067 2578 1327 2639 Horatio
1355 2578 1584 2659 scripta
1607 2578 1856 2641 fuerint.
1927 2577 2092 2656 Jam,

189 2663 351 2758 quae
410 2677 708 2739 Dacerius
722 2723 741 2756 ,
810 2678 1184 2739 futilissimis
1241 2699 1392 2738 usus
1450 2679 1826 2755 rationibus,
1893 2698 1967 2739 ea
2012 2678 2092 2739 de

188 2795 260 2836 re
328 2775 649 2854 disseruit,
727 2799 802 2839 ea
873 2798 1066 2859 quam
1123 2778 1498 2855 ἀνιστορήτως
1564 2779 1877 2861 disputata
1946 2778 2093 2854 sint,

193 2875 341 2936 satis
385 2876 657 2936 ostendit
683 2877 1011 2939 Massonus
1053 2878 1123 2938 in
1154 2879 1274 2940 Vit.
1303 2877 1519 2940 Horat.
1548 2880 1629 2939 ad
1657 2898 1714 2938 a.
1742 2878 1817 2938 U.
1847 2877 1916 2939 C.
1946 2877 2094 2939 715.

193 2983 243 3049 §.
275 2976 338 3036 4.
381 2996 445 3056 p.
473 2976 815 3038 91-107.
904 2978 1019 3039 Ille
1062 2979 1232 3039 enim
1276 2978 1630 3055 contendit,
1681 2977 1845 3039 hanc
1890 2975 2095 3037 Odam

191 3075 557 3156 inscriptam
623 3095 760 3136 esse
827 3076 1096 3139 Pollioni
1166 3076 1366 3138 fasces
1438 3077 1793 3138 consulares
1851 3076 2096 3160 gerenti

192 3174 258 3234 h.
290 3194 348 3235 e.
394 3195 560 3236 anno
590 3175 664 3235 U.
696 3174 763 3235 C.
795 3177 943 3236 714.
1028 3178 1115 3237 At
1155 3177 1221 3237 in
1253 3175 1542 3238 confesso
1575 3182 1706 3254 est,
1751 3196 1892 3238 eam
1922 3197 2097 3237 com·

184 3274 464 3355 positam
507 3294 646 3336 esse
685 3282 831 3357 post
845 3275 1158 3339 ,Pollionis
1202 3277 1283 3336 de
1329 3275 1645 3337 Parthinis
1686 3275 2098 3358 triumphum,

197 3393 390 3453 quem
450 3381 662 3435 actum
715 3393 852 3435 esse
905 3394 962 3435 a.
1019 3377 1087 3436 d.
1138 3375 1316 3437 VIII.
1358 3375 1506 3436 Kal.
1548 3375 1890 3438 Novembr.
1934 3395 1992 3436 a.
2023 3374 2098 3434 U.

200 3471 270 3531 C.
313 3469 462 3533 715.
518 3480 823 3536 testantur
878 3473 1043 3535 Fasti
1101 3476 1462 3558 Capitolini:
1537 3474 1616 3537 cf.
1671 3475 1950 3553 Heynius
2017 3473 2096 3534 ad

198 3571 412 3654 Virgil.
441 3573 566 3634 Vit.
595 3593 710 3658 per
737 3593 934 3634 annos
977 3575 1102 3659 dig.
1146 3596 1202 3638 a.
1232 3575 1307 3638 U.
1342 3574 1412 3637 C.
1439 3572 1591 3637 715.
1620 3581 1686 3636 et
1714 3573 2098 3636 Thorbecke
