2236 3932
251 182 366 240 180
794 202 873 240 DE
922 201 1146 242 cAsslo
1194 201 1559 242 PARMENSI.

241 341 524 415 ptorem,
571 335 933 412 Oratorem,
981 337 1107 395 duo
1151 337 1375 397 Poetas
1417 342 1479 398 et
1519 335 1919 398 Historicum.
2003 337 2132 399 Sed

242 436 321 495 de
366 434 588 496 Cassiis
601 482 620 514 ,
666 437 1003 496 Annalium
1048 434 1356 514 scriptore
1397 437 1596 497 altero
1614 480 1634 512 ,
1680 437 1878 496 altero
1919 457 2134 499 rerum

242 539 497 602 auctore
554 537 744 595 (lubia
801 534 1141 594 admodum
1199 540 1264 593 et
1321 555 1480 617 vaga
1536 541 1634 595 est
1691 536 2002 616 quaestiO,
2065 536 2134 594 in

240 655 364 713 qua
406 654 633 696 vereor
673 653 755 692 ne
796 628 1084 714 Maffejus
1128 632 1363 712 aliquid
1404 635 1756 696 turbaverit
1784 639 1882 711 et,
1927 634 1979 693 si
2002 653 2134 693 non

238 734 473 813 patriae
516 733 688 791 urbis
731 730 929 791 nimio
974 728 1249 811 quodam
1292 734 1536 811 studio,
1596 740 1766 795 certe
1816 734 2132 795 mendosis

238 832 548 892 librorum
590 829 961 890 lectionibus
1005 830 1298 912 deceptus
1339 830 1554 892 fuerit.

365 930 700 990 Annalium
758 929 1026 1008 scriptor
1081 931 1270 1012 vulgo
1327 932 1671 1012 appellatur
1733 933 1808 994 L.
1868 933 2135 996 Cassius

237 1029 544 1091 Hemina.
658 1027 778 1104 Qui
847 1028 908 1087 ei
978 1049 1364 1109 praenomen
1421 1029 1619 1091 Lucii
1674 1034 1958 1093 tribmmt
1973 1079 1994 1112 ,
2065 1040 2135 1094 ut

236 1150 437 1210 nuper
496 1129 686 1189 etiam
739 1127 898 1210 Aug.
957 1128 1203 1188 Krause
1260 1128 1328 1188 in
1385 1129 1506 1190 Vit.
1565 1137 1631 1190 et
1683 1131 1931 1215 Fragm.
1976 1138 2132 1194 vett.

236 1230 464 1289 Histor.
507 1228 770 1288 Roman.
817 1226 1054 1306 (Berol.
1103 1227 1291 1287 1833.
1337 1228 1428 1308 8.)
1473 1250 1536 1309 p.
1557 1226 1738 1306 155„
1781 1232 1966 1292 unius
1989 1231 2130 1290 Pri-

235 1328 428 1388 sciani
452 1326 630 1387 Libr.
644 1327 759 1386 IX.
786 1348 848 1408 p.
869 1328 1015 1387 868.
1031 1325 1101 1386 Ρ.
1133 1346 1188 1386 o.
1202 1328 1259 1388 9.
1289 1330 1459 1400 §.47.
1486 1329 1602 1387 Kr.
1647 1330 2006 1390 testimonio
2033 1331 2134 1390 ni-

234 1433 482 1487 tuntur:
526 1447 674 1487 nam
716 1426 1143 1507 Interpretum
1170 1425 1324 1509 Ang-
1367 1425 1518 1510 Maji
1561 1430 1642 1488 ad
1684 1428 1931 1512 Virgilii
1970 1429 2134 1490 Aen.

234 1526 408 1597 Libr.
439 1525 524 1585 H.
569 1547 630 1588 v.
670 1528 816 1586 717.
860 1525 1035 1585 nulla
1076 1546 1334 1606 prorsus
1389 1533 1488 1587 est
1542 1548 1616 1588 ea
1668 1529 1736 1587 in
1790 1547 1860 1588 re
1917 1533 2135 1588 aucto-

233 1626 402 1686 ritas.
505 1624 892 1685 Luculentus
951 1625 1032 1684 de
1087 1644 1166 1685 eo
1221 1625 1396 1685 locus
1438 1626 1758 1693 invenitur
1799 1628 1963 1707 apud
2005 1627 2135 1687 Pli-

233 1726 412 1785 nium
453 1724 526 1784 N.
570 1723 885 1784 H.·Lib1·.
929 1723 1108 1784 XIII.
1169 1743 1223 1784 c.
1259 1725 1393 1784 13.:
1462 1726 1812 1807 „Namque
1870 1725 2133 1787 Cassam

232 1823 519 1885 Hemina
533 1867 554 1900 ,
619 1821 1091 1883 vetustissimus
1148 1833 1376 1883 auctor
1430 1823 1802 1884 Annalium
1814 1869 1837 1899 ,
1899 1807 2134 1906 Quarto

235 1944 457 1983 eorum
480 1922 643 1983 libro
667 1921 980 2005 prodidit,
1032 1923 1147 1984 Cn.
1189 1922 1567 1983 Terentium
1592 1923 1870 1984 scribam
1898 1945 2134 2002 agrum

234 2045 430 2084 suum
454 2022 530 2084 in
560 2021 865 2083 Janiculo
896 2020 1446 2104 repastinantem,
1494 2022 1854 2108 offendisse
1882 2045 2129 2099 arcam,

231 2123 304 2182 in
346 2145 477 2204 qua
503 2123 761 2197 Numa,
809 2121 923 2204 qui
942 2123 1199 2182 Romae
1239 2121 1571 2199 regnavit,
1616 2121 1779 2182 situs
1802 2121 2132 2203 fui-ssetf‘

235 2222 371 2298 Quo
413 2227 698 2304 tempore
740 2221 1011 2299 vixerit,
1076 2220 1368 2281 discimus
1414 2241 1500 2281 ex
1546 2220 1887 2282 Censorino
1933 2223 2012 2282 (16
2051 2222 2131 2281 D.

234 2322 372 2383 Nat.
417 2342 471 2382 c.
520 2325 656 2399 17.,
716 2321 827 2402 qui
879 2322 959 2382 (16
1013 2320 1178 2380 ludis
1223 2321 1641 2381 saecularibus
1687 2341 1911 2403 agenS,
1982 2319 2131 2396 „At

232 2420 384 2482 Piso
432 2420 807 2496 CensoriuS,
850 2419 1086 2502 inquit,
1133 2429 1195 2479 et
1221 2421 1349 2490 Cn.
1388 2419 1668 2494 Gellium,
1716 2421 1831 2480 sed
1873 2429 1934 2480 et
1974 2421 2133 2482 Gas-

233 2519 369 2581 sius
410 2520 734 2596 Hemina,
781 2508 896 2603 qui
926 2519 1037 2580 rillo
1064 2529 1349 2601 tempore
1374 2518 1662 2594 vivebat,
1699 2529 1853 2601 post
1880 2541 2131 2581 annum

214 2619 450 2700 factos
504 2619 769 2680 tertium
824 2618 1180 2705 affl'rmant
1193 2662 1217 2694 ,
1299 2619 1412 2681 Gn.
1480 2618 1770 2680 Cornelio
1826 2618 2129 2692 Lentule,

234 2717 314 2779 L.
341 2717 659 2778 Mummio
686 2717 978 2779 Achaico
1012 2720 1181 2780 Cos-5.
1198 2762 1221 2793 ,
1265 2716 1338 2777 id
1368 2728 1495 2792 est,
1543 2738 1719 2777 anno
1750 2718 2130 2780 DCV111.“

233 2816 649 2878 conferantur
694 2819 772 2878 H.
803 2819 875 2879 F.
912 2818 1213 2879 Clintonis
1235 2816 1306 2876 ‘F
1308 2818 1422 2878 asti
1457 2817 1781 2883 Hellenici.
1829 2814 2128 2895 (Oxfonl.

237 2917 452 2996 1830.)
495 2915 638 2977 Vol.
664 2917 748 2978 II.
790 2941 855 3000 p.
891 2919 1034 2979 103.
1136 2917 1409 2978 Annales
1460 2914 1595 2998 ejus
1639 2916 1928 2977 videntur
1971 2913 2126 2996 qua-

229 3023 374 3077 tuor
429 3017 746 3097 complexi
800 3038 939 3079 esse
994 3017 1226 3094 libros,
1302 3037 1570 3098 quorum
1626 3015 1923 3095 reliquias
1984 3035 2127 3080 cum

229 3117 366 3178 aliis
398 3115 675 3177 Sallustii
703 3116 1116 3193 editionibus,
1161 3122 1300 3177 tum
1329 3115 1520 3177 etiam
1553 3115 1886 3177 Corfianae
1912 3113 2054 3176 Vol.
2071 3113 2124 3176 Ι.

228 3237 290 3297 p.
335 3217 462 3277 449
486 3251 571 3261 —
598 3214 746 3277 453.
804 3216 954 3276 edit.
1025 3216 1195 3277 Frot.
1257 3205 1534 3300 adjectas
1591 3216 1883 3299 singulari
1938 3215 2125 3292 libro,

229 3336 421 3395 quem
459 3317 652 3376 modo
695 3314 984 3390 laudavi,
1042 3317 1220 3379 auxit
1263 3322 1325 3376 et
1366 3316 1699 3377 illustravit
1742 3314 1816 3375 Δ.
1854 3314 2126 3373 Krause.
2224 3342 2234 3347 f

230 3416 499 3474 Auctore
543 3414 860 3474 prisciano
919 3413 1097 3475 Lihr.
1130 3415 1272 3475 vn.
1317 3436 1380 3496 p.
1407 3417 1552 3476 767.
1586 3414 1656 3487 P.
1703 3435 1756 3474 e.
1791 3391 1891 3474 13.
1936 3421 1985 3485 ς).
2018 3413 2122 3472 96.

227 3514 342 3571 Kr.
411 3512 734 3587 „Cassius
799 3512 1088 3573 Hemina
1161 3513 1494 3574 Annalem
1561 3535 1752 3574 suu-m
1816 3520 2123 3594 quartum

225 3611 342 3672 Ιιοο
385 3611 574 3675 titulo
616 3610 946 3697 inscrszsit
962 3635 982 3676 .·
1036 3614 1094 3673 B
1109 3614 1355 3675 ellum
1396 3615 1568 3678 Pun
1583 3612 1791 3673 icum
1832 3634 1886 3694 p
1903 3630 1984 3671 os
2000 3619 2028 3669 t
2046 3630 2124 3669 e-
