2236 3932
222 148 344 210 128
815 173 897 212 DE
942 174 1001 212 1..
1035 174 1242 214 VAmo
1287 174 1526 214 POETA.

216 304 448 367 Galliae
489 305 834 390 Cisalpinae
859 307 1244 390 praefectum
1275 308 1365 370 de
1381 310 1627 371 tuendis
1653 310 1927 394 Virgilii,
1956 333 2110 374 con-

213 404 496 486 discipuli
551 409 869 487 quondam
911 408 1039 484 sui,
1098 407 1261 489 agris
1301 408 1469 469 bene
1511 411 1964 490 promeruisse,
2023 413 2110 473 ita

211 510 279 564 ut
321 524 399 565 eo
440 507 696 576 nomine
750 527 895 566 cum
935 505 1251 583 Pollione,
1305 506 1669 569 Maecenate
1712 515 1776 569 et
1819 508 2108 570 Cornelio

210 603 390 666 Gallo
432 602 679 688 junctus
719 605 1073 665 laudaretur
1113 625 1151 665 a
1191 604 1402 666 Phoca
1430 606 1850 669 Grammatico
1890 609 1960 669 in
1986 609 2108 670 Vit.

92 696 96 700 ”
208 703 422 786 Virgil.
466 724 526 766 v.
559 702 697 779 65„
740 707 811 761 ut
853 704 1236 764 ostendimus
1278 725 1465 785 supra
1505 714 1556 779 §.
1589 705 1651 767 5.

379 803 448 864 Si
509 801 649 881 quis
706 806 918 862 tamen
969 802 1037 862 in
1080 803 1640 866 Grammaticorum
1683 806 1763 867 de
1805 805 2109 888 Alpheno

213 901 395 965 Varo
449 900 819 961 testimoniis
871 901 1020 964 velit
1059 902 1389 983 persistere
1404 947 1425 980 ,
1484 902 1653 965 haud
1695 906 1823 966 scio
1866 927 1948 967 an
1989 906 2106 967 ista

206 1002 285 1061 de
349 998 552 1062 Varis
611 997 940 1061 difficultas
997 1000 1086 1060 ita
1127 1001 1417 1082 expediri
1458 1010 1764 1083 nequeat,
1823 1012 1893 1065 ut
1935 1007 2107 1068 dica-

203 1119 343 1160 mus
357 1142 378 1176 ,
468 1098 544 1178 Q.
614 1097 881 1160 Attium
952 1101 1212 1163 Varum
1282 1101 1362 1161 ab
1441 1100 1784 1165 Octaviano
1853 1106 2107 1167 militari

201 1203 501 1280 potestate
548 1196 785 1259 Galliae
829 1199 1172 1280 Cisalpinae
1223 1205 1286 1260 et
1327 1214 1620 1283 agrorum
1660 1202 1823 1264 inter
1862 1212 2107 1266 vetera-

199 1319 314 1359 nos
356 1297 771 1360 distributioni
810 1299 1202 1380 praefectum
1244 1319 1414 1374 esse3
1459 1301 1570 1361 sed
1614 1322 1813 1381 quum
1842 1303 2103 1365 Cremo-

198 1398 486 1459 nensium
540 1398 673 1480 agri
726 1399 1055 1480 proscripti
1094 1420 1222 1460 non
1265 1398 1624 1460 sufficerent
1665 1407 2104 1464 veteranorum

199 1497 560 1559 cohortibus
615 1502 678 1559 et
733 1497 1054 1561 Mantuani
1106 1519 1333 1581 magna
1385 1519 1679 1581 agrorum
1718 1507 1896 1581 parte
1938 1503 2105 1563 mul-

197 1603 476 1658 tarentur
487 1642 509 1675 ,
575 1597 642 1657 in
701 1597 1135 1660 controversiis
1189 1599 1268 1659 de
1311 1619 1604 1681 agrorum
1647 1597 2103 1683 adjudicatione

199 1697 561 1758 dirimendis
619 1696 896 1777 aliquam
949 1703 1194 1778 partem
1235 1697 1426 1759 fuisse
1473 1701 1550 1759 P.
1591 1697 1890 1781 Alpheni
1932 1702 2005 1764 V
1994 1701 2107 1763 ari

196 1796 316 1857 Icti
329 1841 350 1873 ,
395 1815 587 1877 quem
629 1801 692 1856 et
722 1795 1126 1857 Grammatici
1156 1805 1370 1878 aperte
1397 1798 1748 1880 intelligunt
1776 1801 1854 1859 ad
1879 1799 2101 1884 Eclog.

196 1895 311 1956 IX.
355 1916 413 1958 v.
451 1894 552 1955 10.
567 1939 592 1971 ,
636 1901 699 1956 et
740 1901 810 1955 ut
849 1895 1262 1978 intelligatur,
1319 1917 1437 1978 per
1479 1903 1745 1958 aetatem
1787 1896 1922 1981 ejus
1964 1899 2102 1961 fieri

193 2000 420 2078 potest.
504 1993 567 2055 Is
610 2015 807 2075 quum
840 1993 1151 2056 Cremona
1194 1997 1494 2057 oriundus
1534 1997 1940 2079 popularibus
1972 2001 2102 2062 suis

193 2095 452 2157 fortasse
518 2094 706 2155 nimis
764 2095 1168 2156 consuluisset
1225 2102 1410 2177 atque
1467 2096 1740 2178 iniquior
1770 2098 1861 2159 ain
1916 2099 2100 2160 Man-

193 2202 414 2256 tuanos
467 2199 740 2254 metator
790 2192 1042 2272 fuisset,
1113 2202 1360 2276 poterat
1415 2196 1691 2277 posthac
1756 2196 2099 2278 viniquitatis

192 2310 340 2357 reus
382 2294 482 2377 agi
524 2314 561 2354 a
609 2291 934 2370 Cornelio,
996 2314 1188 2374 quem
1246 2315 1397 2379 ego,
1452 2295 1678 2357 frustra
1721 2297 2098 2378 obloquente

192 2394 379 2456 Ever.
423 2392 651 2455 Ottone
692 2393 750 2454 -l.
790 2413 847 2454 c.
892 2392 1041 2475 Cap.
1070 2393 1173 2454 IV.
1220 2403 1271 2469 §.
1298 2398 1359 2456 7.
1404 2417 1467 2476 p.
1502 2395 1688 2456 1654.
1748 2401 1815 2456 et
1857 2398 2099 2458 dissen-

194 2494 417 2569 tiente,
464 2499 537 2553 ut
577 2494 856 2570 videtur,
902 2494 1093 2554 etiam
1136 2492 1421 2575 Spohnio
1478 2494 1545 2554 in
1587 2496 1831 2579 Proleg.
1874 2519 1938 2578 p.
1967 2499 2094 2575 41.,

200 2591 572 2655 Cornelium
619 2593 887 2654 Gallum
926 2593 1185 2654 Poetam
1234 2593 1425 2655 fuisse
1465 2600 1617 2675 puto
1657 2594 1895 2678 Virgilii
1938 2598 2097 2657 ami-

195 2712 342 2753 cum
383 2697 446 2752 et
485 2691 967 2753 Mantuanorum
996 2693 1188 2753 rebus
1231 2695 1615 2755 studentem:
1657 2714 1910 2754 mecum
1951 2715 2096 2755 sen-

194 2791 273 2853 sit
314 2791 393 2851 H.
431 2791 724 2870 Meyerus
783 2792 851 2852 in
895 2790 1140 2853 Orator.
1184 2792 1371 2854 Rom.
1415 2794 1764 2877 Fragment.
1821 2792 1895 2853 N.
1924 2794 2093 2855 XCI.

193 2915 258 2975 p.
287 2893 436 2953 222.
468 2912 564 2973 sq.
650 2892 855 2967 Quum
895 2892 1082 2975 igitur
1121 2892 1223 2953 isti
1265 2913 1559 2974 agrorum
1587 2893 1874 2954 divisioni
1909 2914 2095 2974 prae-

195 2997 383 3058 essetx
417 2991 494 3055 'V
485 3013 644 3052 arus
699 2992 953 3071 quidam
1007 2992 1157 3052 belli
1213 2993 1386 3068 dux,
1455 2992 1785 3072 eidemque
1840 2994 2094 3075 negotio

194 3092 519 3152 interesset
552 3092 625 3154 V
615 3113 774 3151 aru-s
814 3090 980 3152 Ictus
994 3136 1016 3169 ,
1059 3091 1240 3157 facile
1282 3091 1419 3152 fieri
1444 3097 1720 3173 poterat,
1764 3098 1836 3152 ut
1868 3091 2094 3153 Gram-

193 3191 405 3251 matici
417 3236 438 3269 ,
510 3190 578 3250 in
634 3211 1045 3272 personarum
1100 3191 1459 3252 nominibus
1519 3193 1598 3251 de
1649 3211 1828 3252 more
1870 3212 2093 3273 parum

195 3290 460 3368 curiosi,
532 3296 868 3370 utrumque
922 3291 1153 3352 Varum
1227 3290 1714 3369 confunderent,
1788 3297 1850 3350 et
1910 3291 2092 3353 Varo

195 3390 373 3467 duci,
439 3391 554 3470 qui
595 3395 729 3451 erat
769 3409 855 3449 ex
895 3397 1081 3472 gente
1122 3390 1351 3468 Attia,
1420 3411 1653 3451 nomen
1694 3389 1924 3472 gentile
1965 3386 2092 3448 Al-

190 3487 399 3571 phcm'
447 3490 814 3560 tribuerent.
927 3489 1216 3571 Excepto
1273 3491 1442 3552 enim
1506 3491 1581 3569 Q.
1636 3488 1826 3551 Attio
1887 3487 1957 3549 V
1948 3507 2089 3562 arc,

194 3587 515 3651 neminem
540 3590 848 3653 Varorum
886 3588 1051 3651 illius
1091 3590 1305 3653 aetatis
1334 3590 1616 3671 invenies
1630 3634 1652 3669 ,
1697 3588 1796 3650 cui
1807 3631 1828 3664 ,
1871 3591 2090 3667 utpote
