2236 3932
203 131 288 190 66
710 168 717 194 2
787 149 866 190 on
913 153 972 192 L.
1003 150 1209 192 viimo
1258 150 1495 191 POETA.

204 290 412 344 terum
466 285 545 345 ab
618 282 807 369 hujus
877 285 1071 347 etiam
1127 276 1418 345 carminis
1476 283 1780 365 scriptore
1836 284 2102 348 Varium

202 403 335 443 non
391 390 651 465 propter
703 385 881 467 epica
895 427 916 461 ,
986 383 1100 444 sed
1165 383 1507 444 dramatica
1561 384 1881 443 laudatum
1920 385 2103 446 vide-
2142 369 2162 381 ’

203 468 348 542 mus
406 484 681 545 carmina
695 527 716 560 ,
776 502 1051 564 quorum
1109 481 1479 563 gravitatem
1521 488 1584 543 et
1625 482 2103 565 grandiloquam

206 582 661 644 sublimitatem
702 582 870 642 haud
911 581 1246 641 invenuste
1268 577 1610 662 'exprimit-

316 668 320 672 '
375 679 506 742 Sed
546 672 836 743 revertor
861 678 941 737 ad
964 677 1326 755 Horatium,
1372 680 1482 760 qui
1517 680 1840 763 ingenium
1867 679 2104 741 ‹loctri-

205 800 479 859 namque
506 779 682 839 Varii
725 782 790 838 et
832 775 1080 858 Virgilii
1124 797 1317 857 quam
1357 780 1568 861 magni
1609 779 1864 855 fecerit,
1911 781 2105 841 etiam

205 880 273 938 in
314 878 597 960 Epistola
640 877 722 936 ad
761 875 1024 936 Pisones
1068 881 1366 936 testatum
1406 877 1692 959 reliquit,
1736 878 1847 937 ubi
1883 885 2105 939 contra

206 976 661 1038 Grammaticos
703 980 768 1035 et
811 973 1076 1036 Criticos
1101 976 1434 1036 novandae
1477 976 1779 1037 orationis
1823 979 2105 1037 studium

204 1082 271 1135 et
312 1094 479 1136 nova
519 1074 718 1136 verba
758 1071 1032 1134 faciendi
1071 1073 1395 1135 licentiam
1437 1073 1559 1133 sibi
1591 1075 1932 1158 amicisque
1974 1076 2106 1136 suis

203 1174 523 1236 vindicans
565 1173 813 1254 scripsit
853 1194 918 1235 v.
937 1175 1051 1235 53.

1212 1269 1389 1350 Quid
1426 1280 1647 1332 autem

295 1371 572 1435 Caecilio
612 1358 973 1456 Plautoque
1015 1368 1199 1431 dabit
1240 1371 1590 1430 Romanus
1605 1413 1629 1446 ,
1676 1371 2007 1432 ademtam

296 1472 365 1534 V
355 1471 579 1551 ‘iv-gilio
626 1470 959 1553 Varioque
973 1465 1005 1531 ἲ
1060 1471 1203 1548 Ego
1246 1490 1364 1529 car
1376 1509 1400 1543 ,
1448 1468 1781 1551 acquirere
1810 1493 2039 1553 pauca

290 1570 364 1631 Si
389 1592 662 1654 possum
675 1613 699 1646 ,
742 1569 1040 1630 invideor
1054 1612 1078 1645 ,
1123 1590 1270 1629 cum
1298 1566 1528 1645 lingua
1557 1569 1914 1630 Catoni-set
1927 1570 2114 1631 Enni

291 1673 660 1732 Sermonem
696 1667 996 1751 patrium
1038 1665 1350 1728 ditaverit
1391 1675 1453 1726 et
1492 1687 1669 1727 nova
1711 1689 1931 1730 rerum

290 1767 583 1832 Nomina
617 1762 1015 1851 protulerit?
1031 1766 1107 1846 ⁵⁷)

204 1868 361 1930 Nam
416 1868 542 1929 hoc
593 1868 664 1928 in
703 1867 845 1928 loco
889 1866 1194 1927 Caecilius
1238 1870 1303 1925 et
1343 1862 1601 1925 Plautus
1642 1885 1760 1946 pro
1804 1866 2110 1948 antiquis·-

206 1969 377 2030 simis
420 1967 780 2048 quibusque
822 1965 1026 2046 poetis
1067 1984 1363 2048 magnam
1389 1963 1646 2027 laudem
1670 1970 1859 2045 atque
1889 1973 2108 2028 aucto-

205 2068 460 2129 ritatem
500 2066 743 2147 adeptis
785 2070 1111 2146 ponuntur
1124 2109 1144 2143 ‚
1216 2064 1450 2146 quibus
1506 2062 1804 2146 Virgilius
1847 2064 2108 2126 Varius-

207 2186 331 2247 que
384 2146 794 2247 opponuntur
847 2163 917 2224 in
971 2184 1206 2248 genere
1259 2185 1379 2246 pro
1427 2166 1516 2227 eis
1529 2211 1550 2244 ,
1625 2164 1736 2246 qui
1780 2184 1926 2226 cum
1969 2186 2107 2226 ma-

206 2266 382 2327 xime
422 2265 491 2325 in
533 2269 664 2325 arte
705 2263 953 2345 poetica
993 2264 1420 2346 principatum
1461 2270 1719 2326 teneant
1747 2269 1813 2324 et
1860 2284 2108 2325 summa

208 2365 393 2426 laude
450 2370 516 2426 et
571 2363 941 2424 auctoritate
998 2364 1231 2426 merito
1292 2384 1408 2425 suo
1466 2362 1752 2424 floreant.
1855 2361 2108 2445 Scripta

211 2470 425 2526 autem
483 2469 581 2524 est
638 2463 796 2524 haec
853 2462 935 2522 ad
990 2462 1252 2524 Pisones
1310 2463 1580 2544 epistola
1642 2461 1890 2525 circiter
1934 2482 1990 2522 a.
2030 2463 2106 2524 U.

211 2562 281 2624 G.
308 2564 451 2625 731.
470 2608 491 2642 ,
536 2568 703 2624 certe
743 2567 887 2644 post
929 2580 1167 2622 annum
1194 2562 1269 2623 U.
1299 2561 1368 2622 C.
1399 2564 1581 2640 730„
1627 2561 1925 2639 Quintilio
1956 2560 2107 2622 Cre-

209 2662 501 2741 monensi
553 2661 805 2723 fatalem
820 2705 842 2739 ,
910 2666 976 2723 et
1030 2667 1174 2724 ante
1233 2682 1474 2724 annum
1513 2663 1600 2742 U.¹
1618 2661 1686 2722 C.
1717 2660 1864 2722 735.
1881 2703 1903 2739 ‚
1974 2680 2104 2742 quo

357 2922 445 2978 57)
480 2915 737 2968 Manifesta
771 2916 862 2967 hoc
896 2920 945 2967 in
979 2919 1087 2968 loco
1121 2920 1245 2968 inest
1281 2915 1710 2967 Grammaticorum
1743 2924 1790 2965 et
1824 2913 2107 2965 Criticomm

211 2989 552 3053 reprehensio,
605 3006 756 3051 quos,
806 3006 912 3038 cum
962 2992 1012 3038 in
1063 2992 1252 3052 scriptis
1302 2988 1498 3039 Caecilii
1549 2986 1800 3049 Plautique
1849 2989 2106 3037 comoediis

211 3080 331 3111 nova
367 3054 512 3112 verba
556 3079 650 3109 non
700 3060 1018 3122 offenderent,
1067 3059 1328 3123 iniquitatis
1375 3068 1591 3122 accusat,
1643 3059 1800 3121 quod,
1851 3061 1895 3108 si
1929 3059 2043 3121 quid
2079 3077 2107 3108 a

212 3127 425 3196 Virgilio
473 3142 520 3182 et
555 3131 737 3193 Vario,
786 3133 955 3194 quibus
1003 3135 1140 3180 tacite
1187 3143 1339 3182 semet
1385 3135 1541 3194 ipsum
1591 3131 1834 3194 adjung-it,
1882 3140 2108 3178 novatum

213 3214 367 3265 esset,
423 3222 566 3268 aeg-re
602 3204 780 3252 ferrent
816 3212 863 3250 et
910 3202 1191 3251 stomachosi
1233 3222 1287 3252 ac
1323 3203 1556 3253 fastidiosi
1589 3204 1865 3251 vellicarent
1900 3211 1947 3250 et
1983 3204 2107 3250 vitu—

212 3285 445 3336 perarent.
539 3274 661 3323 Cum
704 3276 849 3338 igitur
894 3273 971 3322 hic
1019 3292 1175 3323 sermo
1223 3277 1286 3324 sit
1326 3293 1419 3324 uon
1472 3274 1530 3323 de
1585 3272 1791 3322 Caecilio
1840 3282 1887 3321 et
1936 3271 2105 3321 Plauto

214 3349 499 3408 viventibus,
535 3346 691 3397 sedde
706 3346 909 3396 residuis
948 3363 1111 3393 eorum
1145 3348 1397 3407 operibus,
1438 3355 1651 3407 apertum
1667 3355 1754 3403 est,
1794 3346 1928 3392 unice
1946 3360 2105 3392 veram

212 3435 318 3466 esse
354 3419 606 3467 lectionem
644 3435 688 3467 v.
723 3421 807 3467 54.
846 3415 1013 3478 dabit,
1072 3435 1157 3478 pro
1206 3436 1298 3479 qua
1345 3419 1427 3467 alii
1475 3415 1626 3466 Codd.
1664 3415 1783 3465 Msti
1831 3413 1968 3463 dedit
2003 3416 2105 3463 sive

213 3488 395 3610 (Slassaltl,
450 3490 604 3610 φὶειὰι
626 3491 862 3591 e'xpressit
908 3486 1318 3552 Regelsbergerus
1366 3490 1674 3552 sequentibus
1709 3485 2021 3537 Haberfeldto
2056 3494 2105 3535 et

256 3579 279 3608 c
314 3578 338 3610 e
383 3578 445 3611 ιο.
557 3579 582 3608 a
605 3579 632 3611 e
651 3595 663 3610 .
