2236 3932
707 208 788 247 nn
834 205 1061 247 cAss1o
1092 205 1458 246 mmmmm.
1914 187 2030 248 181

132 345 453 424 rior2).“
550 344 648 404 De
691 342 1030 403 Annalimn
1073 340 1517 413 Qassianorum
1557 348 1925 425 argumento
1969 350 2036 403 et

129 446 373 506 ambitu
414 443 705 503 disseruit
747 441 916 502 Frid.
960 439 1404 503 Lachmannus
1447 443 1527 502 de
1567 441 1876 502 Fontibus
1920 442 2034 515 Hi·-

130 543 376 603 storiar.
421 543 502 602 T.
534 540 702 602 Livii
744 562 807 620 p.
839 542 942 600 44.
987 540 1159 601 haud
1199 546 1439 601 temere
1469 540 1835 620 suspicatuS,
1883 541 2033 600 Cas-

29 683 40 686 -
131 643 299 700 sium
337 639 675 699 Heminam
732 640 812 699 ab
857 637 1044 701 Livio
1086 639 1444 722 neglectum
1498 659 1666 715 esse,
1734 639 2034 719 quoniam

125 740 192 799 in
246 738 477 798 fabulis
549 737 916 819 colligendis
975 743 1042 799 et
1097 738 1167 797 in
1222 738 1478 798 urbium
1532 738 1895 798 nominibus
1954 740 2033 798 ad

125 836 577 918 etymologiam
617 836 994 897 revocandis
1021 836 1211 896 nimis
1238 838 1523 899 curiosus
1549 837 1788 899 fuisset.
1858 835 2034 897 Scri-

124 935 253 1016 psit
311 934 504 994 etiam
562 934 643 1020 de
702 933 1086 996 Cermoribus
1100 978 1123 1009 ,
1203 932 1380 1017 cujus
1440 935 1731 1017 opusculi
1794 936 2033 995 librum

124 1033 473 1095 sectmdum
528 1032 740 1092 laudat
794 1032 1033 1093 Nonius
1090 1053 1142 1093 s·
1182 1054 1247 1096 v.
1290 1033 1543 1113 moliri,
1599 1057 1665 1116 p.
1706 1035 1867 1111 346,
1925 1037 2030 1095 22.

122 1133 261 1207 „Et
300 1130 379 1212 ¹in.
416 1152 576 1191 area
619 1130 691 1191 in
723 1130 1046 1213 Capitolio
1086 1131 1281 1211 signa
1323 1153 1492 1214 quae
1535 1143 1760 1208 era-nt,
1809 1135 2030 1195 demo-

124 1231 428 1292 liantur-‘⁴‘
444 1254 464 1290 ε
509 1250 672 1311 quae
714 1232 912 1292 verba
939 1251 977 1292 a
1017 1231 1292 1317 Krausio
1335 1231 1378 1290 l.
1406 1250 1463 1292 c.
1507 1254 1572 1312 p.
1609 1231 1750 1294 159.
1788 1233 1858 1294 in
1899 1233 2031 1294 An·-

120 1328 361 1394 nalium
400 1328 580 1392 Libr.
606 1328 688 1390 H.
730 1329 782 1391 F
782 1331 1124 1414 ragmentis
1164 1330 1445 1413 reposita
1487 1350 1626 1392 esse
1667 1332 1888 1394 miror.

990 1511 1044 1577 §.
1089 1503 1184 1564 3.-

289 1644 549 1706 Praeter
605 1610 890 1705 Cassium
947 1643 1284 1705 Heminam
1296 1687 1319 1722 ,
1384 1644 1722 1707 Annalium
1765 1647 2029 1729 scripto-

118 1765 290 1822 rem,
346 1741 636 1826 Maffejus
679 1745 954 1825 probare
996 1745 1267 1821 studuit,
1329 1746 1650 1807 exstitisse
1694 1747 1887 1807 etiam
1929 1747 2028 1808 hi-

117 1845 423 1907 storicum
487 1845 832 1925 quemdam
846 1887 867 1920 ,
944 1843 1167 1904 Titum
1229 1844 1549 1907 Cassium.
1662 1845 1719 1907 N
1719 1866 1823 1907 am
1881 1868 2029 1908 cum

119 1945 190 2005 C.
247 1943 488 2004 Plinius
552 1942 727 2003 Libr.
771 1942 886 2021 IV.
940 1942 1141 2024 Epist.
1175 1944 1281 2004 28.
1337 1952 1388 2019 ς.
1424 1945 1483 2006 1.
1527 1946 1731 2007 amico
1777 1947 2040 2008 cuidam*

117 2066 233 2105 suo
249 2087 269 2120 ,
326 2042 550 2105 Severi
591 2043 886 2120 nomine,
945 2043 1295 2124 scripserit:
1356 2045 1786 2123 „Herennius
1838 2049 2027 2108 Seve-

115 2166 231 2203 rus
242 2186 266 2218 ,
340 2142 447 2203 vir
506 2141 916 2203 doctissimus
930 2186 954 2217 ,
1027 2142 1267 2221 magni
1311 2143 1614 2205 aestimat
1675 2144 1748 2206 in
1802 2145 2027 2208 biblio-

114 2243 302 2303 theca
376 2264 503 2303 sua
572 2263 815 2324 ponere
879 2241 1201 2322 imagines
1260 2244 1661 2327 municipum
1733 2255 2023 2322 tuorum,

122 2341 408 2404 Cornelii
454 2341 728 2423 Nepotis
783 2351 843 2401 et
898 2341 1039 2403 Titi
1082 2343 1301 2406 Cassii
1314 2368 1334 2404 ε
1387 2343 1715 2427 petitque,
1767 2344 1833 2406 si
1870 2357 2026 2407 sunt

115 2440 305 2501 isthic
318 2485 339 2519 ,
397 2451 473 2501 ut
532 2462 667 2501 esse
722 2440 1023 2502 credibile
1064 2453 1160 2503 est
1171 2487 1195 2518 ,
1254 2443 1713 2505 exscribendas
1743 2444 2025 2527 pingen-

117 2542 363 2622 dasque
388 2541 667 2618 delegem
682 2545 755 2613 ;“
794 2542 945 2601 inde
973 2540 1263 2625 Maffejus
1292 2543 1563 2626 collegit,
1607 2542 1775 2626 hunc
1804 2545 2023 2607 Titum

118 2638 402 2700 Cassium
461 2659 606 2700 cum
664 2638 957 2702 Cornelio
1019 2640 1258 2723 Nepote
1318 2631 1693 2706 Veronense*
1758 2643 2023 2730 conjtm-

116 2745 320 2816 ctum,
368 2744 433 2800 et
475 2738 913 2800 veronensem
954 2738 1145 2803 fuisse
1195 2748 1261 2804 et
1303 2742 1710 2805 historiarum
1754 2746 2022 2827 scripto-

116 2859 276 2900 rem.
364 2837 599 2919 Atque,
660 2845 731 2898 ut
773 2836 902 2921 jam
946 2838 1197 2902 Cortius
1253 2843 1333 2902 ad
1374 2841 1559 2903 Plinii
1599 2844 1643 2906 l.
1680 2865 1734 2906 c.
1778 2867 1841 2927 p.
1873 2846 2018 2906 314.

117 2937 476 3015 adnotavit,
547 2938 707 2999 solet
765 2940 934 3020 apud
991 2940 1146 3002 alios
1192 2961 1450 3023 quoque
1494 2944 1831 3025 scriptores
1875 2966 2020 3006 cum

118 3036 359 3119 Nepote
418 3037 712 3120 componi
758 3037 1006 3101 Cassius
1051 3040 1332 3123 quidam.
1435 3041 1545 3104 Sic
1590 3043 2023 3106 Tertullianus

262 3269 319 3327 2)
357 3264 446 3317 Est
481 3269 607 3318 enim
642 3267 731 3318 hoc
768 3270 816 3317 in
859 3268 1119 3333 exemplis,
1177 3288 1299 3333 quae
1335 3267 1610 3321 Priscianus
1655 3271 1792 3322 affert
1847 3273 2018 3335 proba-

119 3345 290 3400 turus,
325 3342 671 3389 vetustissimos
709 3343 964 3403 scriptores
1000 3351 1219 3391 neutrum
1257 3340 1692 3405 Compar-mirorum
1731 3346 1780 3391 in
1815 3362 1873 3393 or·
1907 3345 2015 3394 fini-

119 3411 248 3458 visse
286 3420 335 3459 et
370 3412 583 3460 eamdem
635 3414 1010 3462 tenninationem
1041 3430 1335 3464 communem
1388 3417 1531 3466 trium
1582 3433 1811 3476 generum
1846 3417 2013 3466 fuisse.

118 3480 327 3531 Proinde
362 3480 591 3531 Valerius
626 3484 797 3534 Antias
846 3497 1039 3534 senatus
1075 3487 1339 3536 consultum
1375 3490 1547 3549 prior,
1598 3485 1830 3537 Claudius
1869 3493 2018 3552 prim·

119 3549 298 3602 bellum
356 3564 403 3603 et
441 3553 636 3622 foedus
679 3558 827 3618 prior·
872 3558 1189 3619 scripserant:
1243 3559 1351 3611 vide
1397 3557 1719 3609 Ruddimauui
1763 3558 1879 3611 lust.
1925 3559 2011 3611 Gr.

123 3621 186 3674 T.
216 3622 258 3674 Ι.
296 3644 342 3689 p.
379 3631 462 3677 19.
503 3625 595 3677 No.
621 3633 673 3677 Ἰ.
709 3627 785 3678 ed.
814 3624 986 3677 snauh.
