2236 3932
730 172 813 214 nn
863 171 1089 214 cAsslo
1134 169 1499 211 ΡΑιιΜΕΝει.
1931 149 2057 211 277
2123 153 2137 158 “

151 318 440 394 tempore
482 311 715 372 scimus
753 308 1159 371 Parmensem
1202 306 1484 367 Cassium
1538 304 1733 366 fuisse
1774 306 2055 366 Alexan-

148 413 323 472 driae
366 411 532 492 apud
587 409 674 469 M.
716 408 1082 469 Antonium.
1180 405 1527 466 Rumorem
1570 405 1650 466 de
1692 404 1810 464 ista
1855 425 2053 466 coena

147 511 462 591 perlatum
506 528 647 569 esse
688 507 1176 581 Alexandriam,
1237 523 1323 565 ex
1365 523 1442 565 eo
1486 503 1891 564 manifestum
1933 511 2050 581 est,

146 610 318 689 quod
360 609 501 682 illa,
551 614 623 666 -ut
666 604 1005 666 Suetonius
1047 603 1278 679 refert,
1338 604 1418 664 ab
1478 603 1750 664 Antonio
1791 623 1907 684 per
1947 605 2053 663 lit-

146 714 314 768 teras
358 705 742 767 amarissime
787 724 935 764 cum
983 703 1264 765 convivis
1318 703 1570 785 singulis
1623 703 1916 763 destricta
1958 708 2054 763 at-

145 825 272 886 que
327 804 639 886 exagitata
696 810 811 863 est.
915 802 1094 864 Sicut
1153 809 1367 862 autem
1425 802 1568 863 illae
1610 802 1871 863 Antonii
1914 803 2051 884 epi-

146 904 343 964 stolae
401 903 861 963 existimandae
920 907 1063 963 sunt
1116 902 1525 962 Alexandria-
1564 903 1747 963 datae
1790 921 1928 963 esse
1971 902 2051 963 ad

145 1002 482 1082 Caesarem
519 1000 968 1075 Octavianum3
1023 1001 1110 1061 ita
1153 1021 1189 1062 a
1232 1021 1384 1062 vero
1427 1002 1690 1064 minime
1732 1001 2048 1078 abhorret,

119 1101 457 1178 ·Cassium,
517 1101 778 1162 Antonii
820 1100 1230 1176 familiarem,
1290 1105 1357 1160 et
1398 1100 1608 1180 ipsum
1650 1122 1767 1182 pro
1810 1101 2050 1184 ingenii

142 1201 622 1281 studiorumque
646 1200 891 1262 ratione
921 1199 1253 1261 strinxisse
1281 1199 1582 1260 adversus
1611 1198 2048 1278 Octavianum,
2147 1242 2150 1245 -

142 1300 246 1362 cui
286 1300 753 1361 inimicissimus
797 1305 993 1376 esset,
1038 1299 1561 1381 epigrammatum
1605 1301 1876 1362 aculeos,
1946 1301 2048 1361 Illi

137 1400 327 1483 igitur
381 1420 602 1462 versus
660 1398 1090 1460 Alexandriae
1146 1417 1184 1457 a
1240 1397 1455 1458 Cassio
1529 1400 1859 1482 compositi
1915 1401 2046 1462 Ro-

136 1519 436 1580 mamque
480 1499 614 1560 sive
655 1519 774 1579 per
816 1497 1209 1559 occasionem
1253 1496 1387 1558 sive
1431 1517 1578 1558 cum
1607 1498 1866 1560 Antonii
1909 1501 2047 1583 epi-

137 1598 311 1658 stolis
366 1597 543 1657 missi
601 1597 922 1658 neminem
975 1596 1209 1656 mirum
1264 1595 1527 1657 habebit
1583 1597 1693 1679 qui
1747 1598 1887 1660 fieri
1928 1622 2047 1683 po-

133 1698 326 1758 tuerit
367 1694 442 1757 u't
483 1697 619 1758 sine
663 1703 921 1759 auctore
962 1696 1448 1756 innotescerent.
1537 1695 1829 1774 Accedit,
1874 1701 2048 1781 quod

133 1816 357 1859 versus
423 1797 527 1857 isti
597 1798 836 1878 pariter
891 1802 1081 1877 atque
1140 1794 1398 1856 Antonii
1456 1797 1759 1879 epistolae
1830 1801 2044 1882 aliquo

134 1902 420 1979 tempore
462 1903 606 1978 post
648 1918 915 1959 coenam
955 1897 1024 1956 in
1065 1895 1239 1978 vulgi
1281 1896 1567 1958 notitiam
1595 1898 1892 1964 videntur
1930 1921 2045 1963 ve-

131 1996 323 2060 nisse.
406 1996 566 2058 Nam
613 1997 796 2078 plebs
850 2017 1029 2059 suam
1072 1996 1568 2079 indignationem
1609 2004 1905 2061 testatam
1946 1999 2045 2062 fe-

134 2095 218 2157 cit
274 2096 580 2177 postridie
655 2097 1096 2158 acclamando:
1171 2117 1358 2156 omne
1402 2097 1834 2176 fi‘amentmn
1892 2100 2045 2164 deos

132 2195 480 2257 comedi-sse
522 2206 583 2256 et
633 2198 979 2260 Caesarem
1034 2218 1168 2257 esse
1200 2196 1411 2277 plane
1452 2195 1866 2278 Apollinem,
1927 2201 2076 2271 sed,

141 2296 484 2356 Tortorem
495 2295 567 2377 ⁵²)
586 2321 605 2358 ε
678 2297 774 2356 illi
831 2303 1046 2358 autem
1099 2317 1321 2376 versus
1378 2297 1578 2375 serius
1637 2299 1897 2359 demum
1937 2284 2069 2359 in?

131 2401 497 2456 notuerunt.
596 2396 887 2477 Denique
930 2396 1064 2458 sive
1106 2394 1380 2477 formam
1423 2397 1558 2479 sive
1601 2404 2041 2480 argumentum

132 2515 430 2556 versuum
472 2502 824 2576 spectamus
842 2539 861 2572 ,
904 2516 1040 2556 non
1082 2496 1272 2556 scribi
1315 2503 1609 2576 poterant
1653 2498 1775 2558 nisi
1819 2499 1898 2558 ab
1939 2520 2039 2577 ec,

130 2594 244 2674 qui
299 2595 553 2677 ingenio
570 2637 594 2670 ,
664 2594 948 2656 doctrina
1004 2595 1378 2678 linguaeque
1434 2596 1844 2659 amarulentia
1888 2619 2041 2681 qua-

130 2693 277 2754 dam
319 2694 589 2775 polleret
630 2694 822 2774 inque
868 2690 1281 2757 Octavianum
1336 2697 1484 2758 odio
1539 2697 1830 2759 incensus
1874 2704 2038 2759 esset

128 2793 522 2855 vehementia
582 2800 921 2876 utrumque
963 2800 1178 2856 autem
1235 2796 1402 2857 cadit
1440 2796 1510 2865 in
1555 2796 1843 2860 Cassitm
1884 2797 2037 2860 Par-

129 2910 435 2954 mensem.

298 2991 377 3054 In
430 2993 569 3075 ipso
621 2999 830 3055 autem
884 2992 1008 3055 hoc
1054 2995 1366 3075 carmine,
1438 2998 1613 3080 quod
1657 3018 1770 3059 sua
1811 3004 2034 3062 natura

130 3090 386 3154 deberet
427 3113 564 3155 esse
614 3093 1015 3170 αἱνιγματικὸν,
1078 3113 1334 3157 necesse
1389 3101 1488 3158 est
1541 3097 1724 3180 plura
1766 3100 2032 3160 obscura

129 3190 315 3253 nobis
355 3192 481 3255 sint
522 3200 741 3277 utpote
783 3194 1226 3303 remotioribus
1267 3195 1348 3259 ab
1392 3215 1503 3274 ea,
1560 3217 1685 3280 qua
1729 3197 2031 3284 scriptum

135 3353 476 3364 ——--—--—

274 3450 368 3508 52)
416 3446 495 3500 De
546 3450 792 3517 Apolline
851 3453 1066 3504 Tor-toro
1107 3454 1313 3516 videsis,
1376 3465 1565 3519 praeter
1615 3454 1919 3518 Bb‘ttigerum
1977 3459 2030 3506 in

125 3517 381 3570 Wiehndi
430 3519 607 3573 Museo
658 3523 823 3574 Attico
867 3523 987 3576 Vol.
1026 3524 1069 3576 1.
1119 3544 1166 3589 p.
1210 3530 1359 3590 357„
1409 3529 1585 3576 librum
1620 3531 1867 3593 egregium
1903 3527 2029 3581 Ans.

129 3587 475 3645 Fenerbadtii:
509 3592 627 3649 Der
661 3593 1010 3650 Vaticana’ooho
1044 3596 1212 3664 Apoll
1238 3597 1446 3662 (Niirnb.
1489 3602 1666 3660 1833.)
1702 3617 1751 3664 p.
1779 3606 1899 3654 277.
1923 3620 2031 3667 sqq.
