2236 3932
839 155 1181 225 Exconsus
1225 157 1295 203 v.
1895 139 2015 202 371

118 307 188 360 ut
230 303 537 374 statuam,
582 317 662 359 eo
706 297 1020 375 adducor,
1064 296 1239 378 quod
1279 295 1388 358 ille
1418 292 1739 382 inSatiris
1769 278 1834 357 et
1856 293 2024 378 Epo-

118 399 246 474 dis,
292 418 449 478 quas
492 403 556 458 et
597 416 820 457 recens
864 416 952 458 ex
991 392 1634 480 pugna‘Philippensi
1675 399 1743 454 et
1783 395 2023 476 aliquot

116 497 293 557 annis
323 504 466 577 post
494 494 870 576 composuit,
908 495 1000 554 illi
1032 495 1420 571 Triumviro,
1462 493 1748 575 quamvis
1784 493 2022 576 largam

114 597 364 656 ridendi
406 594 830 676 carpendique
871 594 1200 655 materiem
1242 593 1609 675 praebenti,
1665 610 2022 674 usquequa-

115 715 242 777 que
296 694 595 776 pepercit.
692 693 831 753 Non
887 677 1160 752 dixerim
1177 737 1197 769 ,
1257 699 1433 752 metu
1486 693 1552 752 id
1607 691 1843 754 factum
1885 711 2023 752 esse

115 802 223 854 aut
279 798 671 873 contemptu.
770 792 831 852 A
871 799 1046 854 metu
1091 793 1333 854 alienus
1379 798 1514 872 erat
1554 793 1610 852 is
1625 836 1646 868 ,
1706 811 1901 873 quem
1954 791 2023 851 in

115 892 399 953 confesso
456 893 539 952 sit
582 891 826 953 Satirae
881 892 1131 954 aculeos
1167 891 1522 951 ,strinxisse
1575 891 1641 951 in
1688 891 2023 954 Gaesarem

118 990 541 1053 Octavianum
597 989 862 1075 ejusque
920 992 1155 1052 amicos
1212 990 1700 1072 potentissimOS.
1759 990 1885 1052 ·Et
1940 1011 2025 1052 ne

113 1092 296 1151 illum
343 1093 729 1174 contemptui
765 1093 1066 1167 haberet,
1110 1098 1401 1172 potuerat
1443 1089 1692 1152 efficere
1733 1091 1875 1172 ipsa
1915 1090 2024 1151 illa

115 1194 196 1252 ad
223 1192 542 1272 Philippos
571 1212 784 1275 pugna
796 1237 817 1269 ,
860 1191 930 1251 in
961 1211 1087 1272 qua
1116 1190 1457 1267 Antonius,
1502 1210 1573 1251 re
1598 1191 1671 1251 *in
1702 1182 2025 1251 summum

114 1291 453 1352 discrimen
497 1293 801 1368 adducta,
850 1291 1256 1374 insigniorem
1297 1290 1799 1371 exprompsisset
1840 1289 2024 1351 forti-

112 1391 398 1450 tudinem
440 1391 659 1472 reique
700 1392 984 1452 militaris
1019 1390 1378 1466 scientiam,
1424 1396 1522 1464 et,
1568 1391 1792 1472 adepta
1821 1390 2024 1453 victo-

111 1490 239 1566 ria,
294 1491 498 1551 multo
552 1488 862 1573 majorem
906 1490 1280 1552 ostendisset
1301 1487 1309 1493 ’
1333 1490 1403 1549 in
1443 1490 1644 1552 victos
1690 1489 1857 1550 cives
1901 1488 2048 1550 hu-

111 1590 478 1651 manitatem
494 1632 516 1664 ,
578 1606 772 1670 quam
830 1590 1060 1651 Caesar
1103 1587 1483 1652 Octavianus
1499 1634 1520 1668 ,
1579 1589 1851 1650 imbellis
1904 1589 2020 1650 iste

111 1708 187 1750 ac
241 1690 515 1751 crudelis
569 1686 843 1772 juvenis.
942 1689 1163 1770 Neque
1222 1696 1316 1751 est
1376 1690 1551 1772 quod
1608 1689 2021 1771 suspicemur,

112 1787 199 1848 M.
242 1787 589 1849 Antonium
629 1784 980 1851 immunem
1017 1789 1453 1871 intactumque
1493 1789 1796 1850 mansisse
1839 1789 2025 1851 cavil-

0 1931 4 1972 ἓ
111 1887 455 1949 lationibus
497 1879 1048 1971 irrisionibusque,
1095 1891 1268 1971 quod
1310 1890 1513 1951 Roma
1554 1895 1864 1971 perpetuo
1890 1889 2024 1949 ‘ab-

110 1986 338 2049 fuisset
373 1987 589 2068 itaque
619 1988 813 2049 etiam
839 1990 1196 2050 subtractus
1225 1990 1423 2052 oculis
1449 1990 1693 2052 Horatii
1722 2010 1842 2071 per
1866 1988 2024 2086 iHud

0 2116 2 2124 >
112 2087 414 2169 temporis
455 2087 731 2169 spatium
771 2088 1069 2165 vixisset,
1127 2111 1254 2171 quo
1311 2090 1614 2171 plurimas
1658 2088 1900 2151 Satiras
1958 2095 2025 2150 et

109 2186 366 2268 Epodos
410 2187 489 2248 ab
522 2185 648 2248 hoc
677 2188 934 2272 scriptas
965 2209 1102 2250 esse
1132 2191 1383 2251 scimus,
1444 2190 1606 2267 Quid
1639 2189 1814 2250 enim
1842 2209 2025 2251 caus-

112 2305 221 2347 sae
263 2285 456 2347 fuisse
488 2287 771 2348 dicemus
789 2332 808 2365 ,
853 2295 923 2349 ut
959 2289 1017 2349 ei
1050 2290 1238 2350 etiam
1264 2295 1404 2349 tum
1433 2294 1830 2371 parceretur,
1877 2309 2024 2351 cum

112 2404 151 2445 a
196 2384 464 2447 Caesare
507 2384 856 2448 Octaviano
902 2388 1187 2450 devictus
1232 2394 1295 2450 et
1337 2390 1429 2450 ad
1463 2408 1685 2451 necem
1738 2389 2023 2470 compul-

111 2506 218 2545 sus
262 2492 457 2563 esset,
519 2493 590 2547 ut
645 2483 783 2567 ejus
838 2486 1070 2572 flagitia
1114 2495 1179 2548 et
1223 2488 1520 2563 crimina,
1577 2509 1739 2571 quae
1781 2489 2023 2552 Romae

111 2584 261 2645 satis
289 2594 437 2646 nota
464 2593 669 2647 essent
697 2606 771 2648 ac
802 2588 1135 2670 divulgata,
1176 2587 1419 2649 silentio
1449 2589 2024 2650 transmitterentur

109 2692 174 2744 et
212 2684 518 2765 quidquid
560 2686 885 2747 dedecoris
924 2687 1434 2770 ignominiaeque
1464 2687 1707 2749 nomini
1734 2690 2021 2750 Romano

110 2802 227 2864 per
267 2783 448 2843 illum
493 2785 743 2846 illatmn
785 2794 980 2864 esset,
1025 2787 1091 2846 iu
1120 2787 1275 2848 alios
1302 2794 1591 2850 auctores
1626 2789 2021 2851 derivaretur

109 2901 184 2943 ac
228 2882 670 2946 conferretur?
723 2883 882 2968 Ejus
925 2885 1020 2947 rei
1048 2886 1241 2948 testis
1284 2887 1515 2950 diserta
1557 2889 1902 2950 admodum
1946 2909 2021 2951 ac

111 2989 283 3043 certa
325 2991 423 3043 est
467 2982 724 3065 Epodos
768 3006 987 3059 nona,
1047 3006 1240 3067 quam
1282 2993 1572 3069 apertum
1615 2994 1712 3049 est
1755 3008 2021 3070 compo-

109 3082 289 3143 sitam
342 3093 482 3145 esse
526 3085 735 3166 primo
787 3085 1000 3146 statIm
1054 3086 1279 3147 mmtio
1334 3088 1416 3150 de
1459 3088 1722 3150 victoria
1764 3087 2020 3150 Actiaca

108 3180 378 3243 Romam
421 3185 684 3264 perlato.
776 3185 866 3246 Ea
907 3186 1207 3266 inscripta
1242 3191 1334 3249 est
1366 3186 1748 3264 Maecenati,
1796 3207 1833 3248 a
1866 3209 2017 3269 quo,

32 3335 35 3338 A
109 3280 274 3341 illius
332 3282 633 3344 victoriae
697 3285 929 3367 gratia,
1004 3286 1540 3367 apparatissimum
1600 3286 1734 3348 vult
1792 3286 2018 3349 instrui

108 3380 401 3460 epulum,
449 3383 633 3463 quale
675 3384 1043 3461 instituerit,

291 3481 371 3540 Ue
415 3502 664 3563 nuper,
709 3493 895 3545 actuo
938 3505 1137 3566 quum
1158 3483 1354 3565 freto
1394 3482 1770 3567 Neptunius

413 3582 570 3642 Dua·
596 3581 790 3662 fleg-it
805 3627 828 3659 ,
872 3582 1040 3645 ustis
1081 3582 1378 3660 nauibus,

1502 3683 1583 3744 24
1618 3686 1647 3717 ᾳ
1704 3690 1709 3696 ’
