2236 3932
173 165 243 208 VI
739 162 1490 204 PRAEFATIO.

174 314 371 398 magis
415 314 656 396 cepisse
699 319 1076 393 captumque
1117 312 1408 372 tenuisse.
1493 312 1609 372 Est
1636 317 1848 373 autem
1877 317 2062 372 natu-

176 463 282 504 rae
324 443 636 503 humanae
679 441 1038 522 proprium,
1084 446 1186 515 ut,
1241 426 1475 519 ‘quibus
1519 441 1658 521 quis
1699 440 1833 521 ipse
1874 441 2064 499 rebus

176 569 440 631 mirifice
469 570 820 631 delectetur
847 569 1040 648 inque
1068 568 1158 626 eis
1188 567 1459 628 multum
1494 568 1685 629 studii
1711 586 2065 648 operaeque

178 696 614 775 collocaverit,
660 716 877 757 earum
908 695 1296 774 voluptatem
1325 700 1386 755 et
1423 693 1699 755 fructum
1746 716 1892 756 cum
1933 694 2067 755 aliis

179 825 643 886 communicare
687 823 914 903 cupiat.
989 821 1205 902 Neque
1232 842 1642 903 quemquam,
1671 823 1799 903 -qui
1828 822 2070 882 litteras

179 952 468 1032 antiquas
510 970 759 1010 mecum
802 955 998 1024 amat,
1056 969 1129 1009 re
1184 949 1460 1032 cognita,
1514 950 1747 1009 mirum
1788 948 2068 1025 habebit,

180 1075 292 1158 qui
346 1077 582 1137 factum
641 1075 751 1152 sit,
820 1082 894 1135 ut
949 1076 1018 1136 in
1075 1076 1198 1136 hoc
1251 1076 1645 1157 potissimum
1703 1081 2071 1159 argumento

180 1204 506 1265 tractando
564 1209 732 1264 tanta
791 1223 937 1264 cum
989 1203 1310 1284 voluptate
1364 1223 1670 1265 versarer.
1756 1203 2074 1285 Agebatur

182 1333 263 1393 de
317 1330 487 1393 fama
541 1336 604 1391 et
657 1330 836 1412 quasi
886 1330 1084 1411 capite
1128 1331 1399 1392 duorum
1441 1336 1771 1412 poetarum
1811 1328 2074 1390 Latino-

181 1479 374 1536 rum,
418 1458 692 1534 Romae,
740 1459 892 1518 dum
933 1457 1260 1534 vivebant,
1304 1459 1472 1519 haud
1515 1458 1910 1541 ignobilium.
1997 1455 2075 1516 L.

184 1585 410 1647 Varius
453 1593 517 1648 et
559 1585 805 1647 Cassius
845 1586 1201 1647 Parmensis
1251 1549 1432 1647 erant
1486 1593 1712 1667 poetae
1767 1585 2076 1666 aequales,

185 1711 434 1798 ingenio
448 1758 467 1790 ,
526 1714 807 1776 doctrina
850 1720 916 1774 et
957 1713 1200 1794 scriptis
1242 1713 1533 1774 illustres.
1633 1711 1764 1773 Sed
1805 1712 2079 1773 mirabili

188 1861 337 1925 casu
389 1841 646 1921 accidit,
717 1848 817 1919 ut,
892 1841 1005 1923 qui
1074 1841 1360 1903 viventes
1430 1841 1673 1902 eisdem
1730 1840 2081 1900 litterarum

190 1969 410 2031 studiis
454 1970 820 2031 claruissent
863 1970 1354 2050 eorumdemque
1396 1969 1744 2031 amicorum
1787 1969 1982 2053 gratia
2017 1977 2082 2030 et

191 2098 365 2159 cultu
435 2096 792 2159 floruissent
807 2144 826 2175 ,
898 2098 988 2158 eis
1058 2074 1388 2181 malignior
1451 2097 1727 2158 Fortuna
1794 2098 2083 2158 meritam
2150 2178 2154 2182 ι

189 2226 497 2290 virtutum
545 2226 798 2288 laudem
841 2227 1299 2307 honestamque
1342 2227 1512 2307 apud
1554 2232 1839 2306 posteros
1878 2226 2085 2287 nomi-

189 2354 287 2415 nis
328 2353 565 2415 famam
607 2353 934 2416 invideret.
1034 2354 1258 2435 Itaque
1306 2355 1626 2417 suavitatis
1676 2355 1888 2415 nescio
1933 2354 2083 2435 quid

190 2480 350 2544 mihi
393 2480 734 2556 afferebat,
780 2483 834 2542 si
864 2483 1306 2563 qualicumque
1347 2502 1490 2544 mea
1532 2502 1725 2564 opera
1765 2482 1830 2541 id
1874 2481 2085 2542 effice-

194 2631 361 2688 rem,
404 2617 475 2671 ut
515 2615 746 2693 poetae
788 2610 1119 2692 utriusque
1167 2611 1507 2687 memoria,
1560 2610 1973 2671 intermortua
2016 2629 2088 2670 ac

194 2739 663 2822 propemodum
723 2739 926 2800 deleta
940 2783 962 2814 ,
1040 2739 1493 2800 instauraretur
1562 2745 1630 2799 et
1694 2758 1807 2798 sua
1864 2737 2089 2818 cuique

198 2866 462 2949 dignitas
528 2871 594 2926 et
660 2867 796 2927 laus
865 2867 1321 2928 restitueretur.
1435 2866 1822 2942 Accedebat,
1898 2865 2089 2947 quod,

185 3005 348 3057 'cum
384 2993 717 3075 utriusque
751 2999 919 3054 aetas
950 2995 1019 3054 in
1051 3015 1127 3055 ea
1153 2995 1470 3056 incidisset
1502 3000 1820 3076 tempora,
1865 2993 2093 3073 quibus

202 3143 335 3185 non
389 3121 573 3184 facile
616 3120 818 3182 Roma
878 3122 1131 3203 antiqua
1173 3123 1332 3185 vidit
1375 3128 1440 3184 et
1481 3122 1772 3205 graviora
1814 3127 1879 3182 et
1918 3121 2095 3203 inge-

204 3250 459 3314 niorum
502 3269 881 3332 magnorum
926 3249 1260 3327 feraciora,
1319 3251 1475 3313 mihi
1517 3251 1596 3311 de
1639 3249 1758 3311 illis
1801 3248 2095 3310 scribenti

207 3397 425 3439 rerum
497 3377 748 3460 cognitu
811 3384 876 3438 et
942 3375 1532 3461 jucundissimarum
1588 3384 1654 3439 et
1686 3375 2096 3460 ,dignissima-

209 3524 354 3569 rum
409 3504 564 3566 silva
623 3505 927 3573 succrevit
984 3511 1049 3568 et
1091 3507 1423 3589 aliquoties
1466 3506 1710 3568 occasio
1754 3504 1961 3566 oblata
2004 3508 2097 3564 est
