2236 3932
1922 107 2048 197 403

705 157 939 198 RERUM
983 157 1067 197 ET
1115 155 1503 198 VERBORUM.

1204 294 1267 343 ab
1310 311 1371 343 eo
1418 293 1562 341 amati
1613 320 1672 330 -
1728 298 1814 344 88.
1854 299 1940 343 90.
1979 318 2047 330 -

1203 367 1348 422 etiam
1361 362 1550 415 Hierion
1568 364 1731 426 puella
1746 366 1804 413 ab
1821 383 1879 414 eo
1896 374 2050 414 amata

153 295 301 346 Vibia
324 313 471 361 gens.
544 292 664 344 Vid.
697 311 839 357 gens.

154 367 425 431 Virgilius,
479 364 567 429 Ρ.,
623 366 893 428 appellatur
937 376 1071 415 mdes

226 439 465 488 Etruscus
500 455 528 487 a
566 436 722 488 Phoca
750 435 1070 486 Grammatico

225 535 293 548 --
331 516 454 560 230.
484 539 547 547 -
587 526 683 571 quo
710 511 817 569 iure
840 533 910 544 —-
945 505 1069 556 ibid.

227 609 289 620 —
330 578 568 645 Syr-onem
594 578 882 641 Epion-eum
904 577 1071 628 habuit

222 651 406 701 Romae
434 653 712 714 magistrum
731 676 798 688 -—
819 656 886 701 26
904 667 978 712 sq.
996 676 1067 687 —
1088 705 1089 712 ἵ

224 722 575 785 condiscipulus
596 724 700 783 ejus
720 722 810 770 suit
827 720 950 785 apud
969 718 1066 785 Sy-

220 812 384 844 ronem
410 792 475 859 Q.
502 792 668 844 Attius
690 790 856 842 Varus
889 818 957 830 —-
978 798 1065 843 27.

228 871 327 916 127
348 883 423 927 sq.
459 866 534 913 cui
572 866 810 928 inscripsit
842 860 1070 928 Eclogam

225 934 322 986 VI.
369 966 441 975 -
477 942 565 987 27.
604 941 725 988 123.
769 941 869 986 127
889 953 962 999 sq.
1001 964 1071 974 -

222 1027 320 1066 non
358 1008 449 1061 suit
485 1011 590 1069 ejus
625 1006 974 1070 condiscipulus
1005 1004 1069 1055 L.

225 1078 392 1130 Varus
431 1078 691 1142 Epicureus
736 1104 806 1116 —
846 1084 965 1129 130.
1002 1094 1075 1115 --·

226 1167 383 1214 neque
413 1149 478 1199 L.
503 1147 687 1200 Varius
722 1158 862 1213 poeta
891 1177 954 1186 —
984 1156 1071 1202 27.

231 1253 291 1262 —
334 1222 522 1285 quando
560 1231 607 1271 et
643 1240 730 1284 per
764 1239 907 1284 quem
932 1223 983 1270 in
1005 1220 1070 1270 L.

230 1292 371 1344 Varii
385 1307 554 1356 poetae
568 1296 780 1343 notitiam
797 1295 1076 1354 amicitiam-

227 1383 323 1429 que
348 1368 532 1416 venerit
567 1391 639 1403 -
680 1369 747 1415 24
767 1382 840 1427 sq.
880 1393 942 1403 -
984 1366 1076 1413 suit

229 1447 384 1487 aetate
420 1440 574 1487 minor
601 1435 666 1486 L.
691 1435 848 1486 Vario
879 1465 952 1473 —
986 1443 1073 1486 21.

231 1536 299 1546 —
333 1511 427 1571 qui,
451 1509 511 1558 de
534 1506 735 1572 Virgilii
770 1510 867 1557 vita
903 1518 949 1558 et
974 1517 1076 1557 stu-

231 1580 325 1630 diis
358 1580 589 1642 quaedam
615 1582 864 1643 scripsisse
889 1580 1076 1629 videtur

229 1678 300 1689 —-
338 1656 407 1701 74
427 1670 501 1714 sq.
536 1681 596 1690 —-
638 1651 698 1701 de
741 1651 1077 1700 consuetudine

232 1726 340 1785 ejus
358 1741 462 1772 cum
480 1722 620 1772 Varii
638 1740 788 1772 uxore
806 1749 870 1759 —
891 1729 957 1774 87
969 1740 1074 1785 sqq.

196 1811 202 1815 ”
236 1800 302 1846 93
324 1812 430 1857 sqq.
459 1799 579 1844 374.
610 1823 671 1832 —-
712 1795 932 1843 adulterii
970 1813 1078 1844 cum

236 1883 294 1915 ea
330 1866 525 1916 admissi
563 1867 754 1915 infamia
787 1884 880 1915 non
902 1876 1080 1915 temere

235 1938 435 1988 conficta
473 1967 543 1976 —-
581 1944 646 1988 96
667 1956 741 2000 sq.
784 1965 844 1975 -
893 1938 1082 1986 donavit

234 2013 375 2059 uxori
412 2008 552 2058 Varii
588 2027 764 2072 =poema
806 2027 835 2058 a
872 2027 926 2059 se
961 2011 1082 2059 scri·

234 2091 368 2144 ptum
404 2108 476 2118 ——
518 2087 584 2131 97
606 2100 680 2142 sq.
717 2108 789 2117 —-
836 2078 1081 2144 Virgilius

234 2154 295 2203 ab
331 2151 512 2202 Asinio
557 2149 776 2202 Pollione
811 2149 1080 2202 Maecenati

235 2234 284 2274 et
319 2221 584 2278 Octaviano
620 2224 973 2278 commendatus
1010 2249 1079 2261 —·

237 2301 325 2352 39.
349 2323 418 2331 —
448 2296 636 2359 quando
654 2294 885 2350 Horatius
904 2298 953 2346 in
977 2298 1081 2358 ejus

237 2369 448 2421 notitiam
465 2365 516 2417 et
542 2368 926 2426 consuetudinem
940 2385 1082 2417 vene-

237 2441 298 2488 rit
333 2466 403 2476 —
441 2444 527 2489 39.
561 2467 632 2476 —
669 2441 775 2502 ejus
799 2442 981 2489 monitu
1003 2447 1084 2489 aut

236 2511 463 2573 exemplo
485 2513 704 2560 incitatus
722 2510 951 2561 Horatius
973 2529 1084 2560 con-

236 2583 398 2633 silium
415 2585 538 2646 cepit
550 2585 754 2632 carmina
767 2583 1001 2633 scribendi
1014 2609 1084 2619 —

236 2653 362 2703 ibid.
392 2651 480 2692 -’
499 2652 752 2704 Horatium
788 2654 1084 2704 commenda-

189 2750 194 2754 ·
238 2728 306 2775 vit
332 2725 397 2774 L.
420 2723 576 2776 Vario
618 2754 677 2765 -
714 2731 781 2778 40
797 2746 873 2790 sq.
912 2732 999 2778 ⁴3.
1034 2735 1085 2775 et

237 2808 402 2862 postea
427 2794 694 2847 Maecenati
722 2804 894 2849 —41.
910 2803 997 2848 43.
1018 2827 1079 2836 -—

227 2871 420 2924 ¹eunicus
448 2872 555 2931 ejus
577 2870 671 2923 suit
687 2869 954 2936 Quintilius
968 2867 1085 2920 Cre·

239 2943 483 2997 nonensis
530 2968 600 2980 --
648 2947 749 2993 132
766 2960 842 3006 sq.
871 2968 952 2987 .-
999 2941 1084 3000 sed

241 3030 335 3063 non
371 3023 768 3064 commemoratus
803 3023 876 3067 est
897 3016 951 3070 iu
976 3012 1084 3072 Ecl.

242 3082 311 3145 V,
332 3091 422 3141 20.
445 3103 540 3135 nec
564 3087 614 3135 iu
641 3084 748 3136 Ecl.
773 3084 872 3147 lx,
903 3090 989 3140 35.
1016 3111 1086 3129 --

249 3161 369 3208 ¹33.
423 3156 565 3208 dubia
613 3167 686 3207 est
733 3161 840 3217 eius
883 3158 1087 3217 amicitia

241 3244 348 3275 cum
396 3226 451 3277 P.
492 3227 719 3291 Alphcno
755 3226 891 3279 Varo
937 3239 985 3280 et
1019 3228 1086 3280 L.

244 3295 382 3348 Varo
412 3297 646 3362 Epicureo
674 3327 739 3336 —
767 3304 853 3353 7⁴.
883 3306 1000 3352 127.
1017 3327 1080 3338 —

243 3369 302 3418 de
330 3374 434 3430 ejus
458 3373 667 3421 moribus
692 3381 740 3423 et
774 3389 936 3423 amore
971 3390 1087 3435 pue-

245 3459 404 3490 rorum
437 3468 501 3480 —
537 3449 603 3495 93
621 3460 727 3507 sqq.
747 3470 818 3483 ——
844 3446 925 3508 qni
951 3448 1084 3508 pueri

1204 463 1277 474 -—
1315 442 1401 487 90.
1434 442 1521 486 92.
1555 462 1625 472 —
1660 452 1689 484 a
1725 454 1817 497 quo
1854 437 1914 484 ad
1947 435 2050 486 Bu-

1205 507 1352 558 colica
1404 506 1654 558 scribenda
1697 509 1936 559 ⁴excitatus
1988 509 2053 558 sit

1203 589 1253 629 et
1322 578 1508 641 quando
1578 580 1786 641 primum
1862 596 2052 627 carmen

1200 649 1392 714 (Eclog.
1416 649 1508 712 ΙΙ.)
1533 651 1851 716 composuerit
1874 676 1944 688 --
1986 655 2052 700 25

1201 731 1304 771 not.
1332 752 1402 760 —
1430 723 1616 784 quando
1643 718 1811 786 Eclog.
1830 717 1903 772 V.
1936 712 2058 770 sc'ri-

1186 795 1356 857 ,pserit
1382 820 1446 830 —
1470 798 1554 845 34.
1575 798 1694 845 103.
1718 822 1780 831 -
1812 811 1906 856 quo
1934 809 2055 841 anno

1206 861 1374 929 Eclog.
1411 862 1558 915 Vlll.
1595 866 1842 928 scripserit
1877 890 1946 905 ·-
1986 869 2052 914 31

1206 954 1282 999 sq.
1313 963 1383 973 —-
1417 936 1605 1009 guando
1638 935 1846 1000 Eclogas
1883 935 2057 986 edide-

1209 1011 1273 1060 rit
1299 1035 1370 1045 —
1399 1013 1485 1067 54.
1509 1036 1569 1047 --
1599 1007 1840 1073 ,Georgica
1869 1007 2058 1071 quando

1208 1080 1465 1130 absolverit
1491 1107 1556 1117 —
1574 1082 1673 1131 54.
1699 1107 1770 1118 —
1807 1078 2057 1129 Aeneidos

1209 1152 1486 1201 scribendae
1506 1153 1756 1201 consilium
1772 1152 1961 1215 quando
1980 1168 2058 1200 ce-

1208 1225 1333 1286 perit
1364 1252 1426 1261 —
1462 1227 1525 1274 54
1553 1233 1651 1272 not.
1685 1252 1756 1260 —-
1785 1226 1834 1272 in
1861 1241 1916 1273 ea
1947 1241 2059 1287 per-

1209 1296 1399 1345 strinxit
1433 1293 1510 1346 M.
1543 1297 1807 1344 Antonium
1845 1323 1914 1342 .—
1957 1298 2057 1346 105

1214 1384 1320 1429 sqq.
1344 1392 1421 1414 .--
1457 1369 1598 1415 morti
1634 1369 1883 1430 proximus
1923 1370 2068 1429 jussit

1214 1455 1320 1488 eam
1356 1440 1595 1497 comburi,
1634 1439 1718 1486 sed
1756 1449 1863 1500 post
1891 1441 2065 1490 ,amicis

1213 1527 1321 1558 eam
1354 1510 1443 1560 sub
1480 1509 1748 1559 conditione
1783 1511 1961 1573 legavit
1997 1524 2066 1548 —”

1213 1587 1282 1637 67
1296 1598 1369 1644 sq.
1402 1610 1463 1618 -—
1505 1598 1627 1642 quae
1659 1590 1767 1642 post
1804 1585 1907 1642 ejus
1936 1600 2062 1631 mor-

1212 1661 1308 1701 tem
1333 1670 1359 1700 a
1385 1651 1448 1701 L.
1472 1651 1626 1704 Vario
1654 1663 1700 1701 et
1723 1650 1877 1701 Plotio
1906 1651 2065 1702 Tucca

1211 1725 1262 1772 in
1293 1741 1349 1772 ea
1375 1733 1552 1773 mutata
1582 1726 1678 1773 sint
1713 1751 1773 1759 --
1811 1730 1875 1775 68
1896 1742 1969 1786 sq.
1991 1754 2062 1762 -—

1214 1813 1277 1845 ex
1312 1793 1526 1845 Cornelii
1564 1793 1699 1844 Galli
1737 1804 1785 1844 et
1819 1794 1885 1845 L.
1919 1794 2062 1845 Varii

1213 1869 1500 1916 carminibus
1523 1882 1689 1916 versus
1715 1876 1906 1917 mutuos
1931 1885 2061 1917 sum-

1214 1941 1278 1988 sit
1312 1966 1382 1976 —
1421 1946 1482 1988 31
1503 1957 1574 2002 sq.
1620 1945 1738 1989 102.
1774 1970 1845 1978 —-
1892 1958 1976 1988 cur
2012 1940 2062 1989 id

1212 2011 1381 2061 fecerit
1411 2039 1472 2047 -
1505 2009 1626 2061 ibid.
1654 2038 1715 2046 —
1749 2029 1833 2061 cur
1858 2010 2061 2061 Romani

1212 2099 1322 2148 eum
1360 2100 1446 2144 pro
1484 2084 1695 2145 principe
1739 2085 1901 2146 epicae
1948 2101 2063 2146 poe-

1214 2156 1282 2205 sis
1327 2153 1576 2210 habuerint
1626 2181 1696 2192 —
1748 2162 1811 2206 61
1847 2165 1947 2206 not.
1997 2183 2056 2191 --

1216 2227 1407 2290 tragicis
1433 2224 1757 2275 Romanorum
1791 2229 1948 2291 poetis
1983 2227 2067 2277 ad-

1217 2307 1490 2350 numeratus
1525 2328 1584 2336 —
1613 2303 1801 2363 Sfisqq.
1834 2329 1897 2337 —
1935 2300 2069 2349 vide-

1210 2378 1295 2420 ›tur
1325 2371 1469 2427 animi
1498 2387 1661 2421 caussa
1675 2368 1773 2432 'hoc
1792 2372 1956 2434 poesis
1981 2390 2065 2435 ge-

1217 2459 1308 2491 nus
1333 2449 1576 2515 tractasse,
1606 2460 1762 2514 neque
1783 2451 1945 2492 tamen
1969 2453 2064 2492 tra-

1213 2513 1432 2578 goediam
1468 2515 1722 2578 evulgasse
1757 2540 1830 2552 —-
1870 2521 1938 2566 87
1957 2532 2062 2577 sqq.

1217 2611 1289 2623 —
1326 2587 1579 2649 putabatur
1605 2587 1724 2635 olim
1761 2603 1789 2636 a
1823 2588 2065 2636 nonnullis

1218 2658 1468 2719 scripsisse
1478 2654 1750 2723 Thyestem
1773 2659 2064 2723 tragoediam

1218 2746 1245 2777 a
1271 2727 1336 2779 L.
1356 2727 1519 2779 'Vario
1548 2730 1721 2779 editam
1764 2759 1825 2768 —
1862 2736 1934 2782 >85
1953 2749 2062 2794 sqq.

1219 2825 1292 2838 -
1322 2803 1438 2864 ejus
1467 2803 1524 2852 si-
1539 2819 1640 2851 ·non
1656 2804 1865 2851 *viventis
1885 2802 2066 2865 adhuc,

1215 2881 1346 2927 terte
1380 2872 1508 2923 haud
1541 2876 1605 2923 ita
1637 2874 1821 2937 pridem
1859 2874 2067 2925 defuncti

1219 2946 1425 3007 carmina
1458 2947 1510 2995 in
1537 2944 1721 3002 scholis
1757 2964 1784 2995 a
1808 2944 2066 3002 ,Gramma-

1219 3018 1325 3075 ticis
1351 3018 1597 3081 praelecta
1632 3044 1703 3056 —-
1736 3023 1809 3069 60
1846 3027 1944 3068 not.

1149 3086 1389 3153 Virgilius
1439 3090 1692 3153 tragoedus
1742 3091 1830 3141 sub
1874 3089 2067 3141 Nerone

1214 3187 1287 3205 ··—
1327 3167 1397 3215 86
1426 3171 1536 3217 «not.

1153 3229 1474 3299 Viscellinus,
1510 3251 1771 3299 cognomen
1792 3230 2064 3284 Cassiorum

1222 3306 1554 3369 patriciorum,
1619 3323 1763 3368 saepe
1818 3307 1867 3354 in
1925 3305 2066 3356 codd.

1223 3387 1496 3442 corruptum
1536 3407 1597 3416 —
1642 3381 1744 3430 179
1781 3385 1878 3427 not.

822 3624 826 3625 ⁷
895 3622 1278 3638 -··**-—
