2236 3932
611 210 695 251 ⁰13
742 209 967 264 cassio
1015 206 1379 248 PARMENsr.
1833 187 1958 251 257

239 349 315 410 In
355 348 476 409 hac
505 345 904 427 WVesselingii
947 344 1358 428 disputatione
1398 342 1804 405 vehementer
1846 346 1960 407 de-

71 451 282 511 sidero
336 446 789 509 accuratiorem
845 464 1062 504 rerum
1113 450 1428 525 gestarum
1459 453 1477 457 ⁴⁴
1494 443 1962 505 enarrationem

69 550 591 627 subtilioremque
647 543 950 623 temporis
966 587 985 619 ,
1069 564 1200 623 quo
1264 543 1544 624 quidque
1599 548 1809 602 actmn
1863 545 1962 620 sit,

68 650 460 710 notationem
473 688 494 722 ,
566 662 692 725 qua
746 642 866 703 hac
923 642 988 703 in
1046 662 1263 704 caussa
1303 661 1706 724 nequaquam
1749 661 1964 704 carere

70 766 424 830 possumus.

921 908 972 973 §.
1023 899 1119 960 14.

238 1045 581 1124 Postquam
638 1042 870 1104 Caesar
925 1039 1300 1105 Octavianus
1314 1084 1336 1117 ,
1406 1049 1723 1124 comperta
1780 1043 1967 1105 Cleo-

70 1151 287 1227 patrae
342 1151 408 1205 et
449 1142 537 1201 M.
579 1141 829 1202 Antonii
891 1160 978 1201 ex
1034 1142 1276 1221 proelio
1317 1140 1566 1201 Actiaco
1609 1142 1816 1226 fuga,'
1851 1144 1967 1204 ali-

70 1251 225 1325 quot
298 1263 491 1304 naves
562 1240 969 1317 Liburnicas,
1039 1239 1314 1318 Eurycle
1381 1240 1543 1300 duce
1557 1284 1576 1315 ,
1655 1243 1968 1318 emiserat,

72 1362 237 1423 quae
291 1343 434 1403 illos
490 1346 1058 1422 persequerentur,
1122 1339 1261 1419 ipsa
1301 1338 1563 1398 Antonii
1606 1340 1817 1401 classis
1862 1343 1971 1402 diu

71 1441 443 1521 fortiterque
502 1439 821 1500 obluctata
872 1439 1132 1498 demum
1184 1437 1339 1498 hora
1381 1433 1515 1518 ejus
1558 1438 1684 1498 diei
1727 1441 1971 1501 decima

71 1541 238 1603 victa
291 1538 658 1611 succubuit,
730 1543 988 1597 auctore
1042 1537 1376 1596 Plutarcho
1431 1536 1499 1595 in
1542 1537 1669 1597 Vit.
1715 1537 1971 1609 Antonii

74 1659 131 1700 c.
160 1640 265 1699 68.
295 1646 358 1699 et
386 1639 492 1698 69.
594 1635 725 1697 Sed
767 1642 1087 1717 supererat
1130 1635 1450 1695 exercitus
1492 1641 1828 1715 terrester,
1871 1639 1972 1699 in-

72 1746 248 1822 teger
289 1737 496 1798 adhuc
530 1742 597 1797 et
636 1734 1022 1817 undeviginti
1063 1733 1344 1817 legiones
1376 1740 1438 1794 et
1465 1734 1802 1797 duodecim
1829 1738 1974 1797 mil·
2078 1750 2081 1753 ·

74 1838 159 1898 lia
200 1837 488 1917 equitum
529 1835 828 1916 explenS,
880 1834 988 1915 qui
1003 1877 1023 1911 ,
1069 1833 1415 1914 repudiatis
1459 1833 1739 1897 Caesaris
1783 1835 1974 1898 Octa-

75 1937 246 1998 viani
288 1935 551 2019 legatis,
621 1953 737 2016 per
797 1940 1038 2014 septem
1108 1933 1245 1993 dies
1303 1939 1659 1996 constanter
1729 1936 1797 1997 in
1851 1936 1976 1999 fide

74 2042 358 2097 maneret
398 2040 500 2110 et,
544 2034 758 2114 elapso
801 2033 1059 2094 demum
1101 2053 1188 2094 ex
1231 2033 1450 2093 castris
1487 2032 1747 2096 Canidio
1792 2038 1974 2114 duce,

74 2135 298 2198 victori
354 2154 425 2195 se
479 2134 772 2194 traderet.
891 2132 1031 2208 Quo
1087 2131 1252 2193 facto
1312 2133 1540 2201 Caesar
1595 2132 1975 2198 Octavianus

77 2234 354 2297 Athenas
395 2232 748 2316 navigavit,
791 2232 862 2290 τά
896 2256 958 2290 τε
995 2233 1052 2292 ἐν
1085 2238 1156 2310 τῇ
1183 2231 1402 2291 Ἑλλάδι
1438 2232 1703 2310 διῴκησε,
1738 2238 1832 2294 καὶ
1867 2242 1976 2294 τῶν

76 2342 197 2395 τοῖν
227 2341 392 2393 θεοῖν
422 2334 736 2410 μυστηρίων
774 2334 1072 2405 μετέλαβεν
1086 2377 1102 2402 ,
1165 2339 1236 2393 ut
1293 2339 1436 2393 utar
1489 2334 1700 2395 Verbis
1755 2333 1978 2406 Diouis

81 2432 276 2493 Cassii
316 2430 495 2493 Libr.
537 2431 647 2492 LI.
705 2453 760 2493 c.
796 2432 860 2492 4.
921 2430 999 2492 cf.
1046 2429 1389 2497 Suetonius
1432 2451 1487 2493 c.
1516 2433 1621 2493 93.
1721 2431 1796 2493 Id
1837 2433 1978 2496 fieri

83 2532 300 2594 debuit
358 2552 473 2612 per
525 2551 779 2592 menses
838 2529 1181 2591 Octobrem
1235 2537 1301 2592 et
1342 2532 1396 2592 N
1397 2534 1766 2595 ovembrem
1808 2552 1864 2594 a.
1903 2535 1979 2597 U.

84 2633 157 2693 G.
200 2633 345 2691 723.
433 2630 645 2691 Rebus
685 2630 752 2689 in
792 2630 1056 2690 Graecia
1101 2630 1451 2691 constitutis
1492 2632 1561 2693 in
1602 2631 1812 2692 Asiam
1853 2639 1983 2694 tra-

83 2728 231 2813 jecit
286 2730 711 2790 sciscitaturus
767 2730 848 2790 de
903 2728 1048 2812 fuga
1092 2729 1178 2789 M.
1214 2730 1506 2808 Antonii,
1553 2739 1618 2792 et
1649 2730 1840 2794 *Sami
1880 2731 1981 2792 hi-

84 2831 355 2891 bernans
411 2850 557 2891 cum
613 2828 701 2889 M.
750 2828 995 2891 Licinio
1041 2827 1263 2890 Crasso
1308 2837 1605 2910 quartum
1644 2830 1787 2891 iniit
1830 2852 1984 2892 con-

85 2930 387 3006 sulatum,
456 2929 711 2990 incunte
766 2950 932 2989 anno
977 2930 1053 2990 U.
1096 2929 1166 2990 C.
1212 2930 1359 2990 724.
1443 2930 1586 2993 Jam
1629 2930 1879 3012 degenti
1924 2931 1982 2991 ei

86 3029 154 3089 in
209 3029 317 3089 illa
373 3029 576 3090 insula
633 3036 696 3089 et
751 3028 989 3089 bellum
1036 3028 1278 3110 paranti
1319 3027 1523 3090 Roma
1565 3030 1793 3090 allatae
1837 3034 1983 3089 sunt

88 3129 333 3189 litterae
389 3129 469 3189 ab
530 3128 834 3212 Agrippa,
903 3148 1095 3207 quem
1153 3133 1298 3209 post
1352 3148 1627 3211 pugnam
1670 3128 1986 3190 Actiacam
2036 3195 2039 3197 ,

88 3228 414 3288 remiserat
469 3235 533 3288 et
590 3249 733 3289 cum
779 3227 1135 3287 Maecenate
1177 3226 1417 3288 Romae
1473 3228 1818 3308 Italiaeque
1871 3229 1987 3288 ad-

87 3327 533 3389 ministrandae
572 3327 978 3408 praefecerat.
1064 3325 1196 3387 lllis
1240 3326 1463 3389 litteris
1491 3328 1559 3387 iu
1591 3327 1837 3387 Italiam
1870 3348 1990 3389 vo-

90 3436 262 3486 catus
319 3433 452 3499 est,
525 3434 596 3486 ut
652 3433 821 3486 ortas
882 3426 965 3484 ibi
1012 3426 1283 3486 militum
1326 3434 1777 3488 veteranorum
1820 3427 1991 3486 sedi-

91 3525 297 3587 tiones
365 3532 797 3605 componeret.
927 3523 1030 3584 Ex
1101 3523 1246 3585 Asia
1328 3526 1515 3608 igitur
1587 3526 1719 3586 sive
1787 3526 1990 3586 insula

98 3622 324 3692 Samo,
399 3644 563 3703 qnae
608 3625 685 3683 ad
741 3622 949 3683 Asiam
993 3625 1383 3706 provinciam
1429 3625 1818 3705 pertinebat,
1863 3645 1993 3684 non

172 3722 491 3773 WVmcurnr.
532 3723 822 3774 Gommvzs‘r.
1570 3726 1646 3783 17
