2236 3932
195 149 280 207 82
787 169 869 209 nr.
916 170 975 208 1..
1008 170 1215 211 VAmo
1259 171 1501 212 POETA·

196 302 378 361 sitam
420 301 622 364 adhuc
662 301 732 363 in
775 303 1016 364 seriniis
1058 303 1334 363 necdum
1376 304 1731 388 evulgatam
1757 305 2089 370 invenerat

197 400 276 480 Q.
320 400 522 462 Varus
536 445 556 478 ,
601 422 864 483 eamque
905 401 1076 462 furto
1122 400 1244 460 sibi
1268 402 1715 466 vindicaverat.
1796 404 1957 466 Nam
1986 405 2089 489 jus

195 500 351 560 belli
406 499 599 561 fuisse
654 502 983 575 novimuS,
1039 505 1146 575 ut,
1206 500 1316 580 qui
1370 503 1700 580 vicissent,
1755 502 1869 581 iis,
1929 525 2090 585 quos

198 599 529 677 vicissent,
589 618 935 678 eorumque
978 598 1169 659 rebus
1183 641 1203 675 ,
1263 603 1794 680 quemadmodum
1833 603 2089 681 vellent,

194 703 543 758 uterentur.
638 698 856 777 Neque
910 697 1217 757 absonum
1272 699 1392 758 erit
1436 706 1710 762 statuere
1724 745 1744 777 ,
1803 703 2092 763 eamdem

192 796 366 856 illam
422 796 841 877 tragoediam,
901 801 1122 876 utpote
1163 803 1618 877 praestantem,
1683 801 1762 860 ab
1807 801 1926 861 isto
1968 802 2091 862 ho-

192 896 364 955 mine
378 939 398 971 ,
483 894 865 954 dissimulato
936 896 1075 956 Veri
1147 896 1419 957 auctoris
1486 899 1746 960 nomine
1760 943 1781 976 ,
1849 900 2091 981 publici

193 991 347 1075 juris
401 991 630 1052 factam
686 1012 846 1053 esse.
911 1000 914 1002 “
959 992 1119 1054 Ν3111
1174 995 1298 1054 nisi
1352 1017 1471 1075 pro
1530 1004 1702 1059 certo
1761 997 2090 1075 habemus,

194 1093 267 1167 Q.
322 1091 563 1151 Varum
604 1112 718 1152 suo
762 1112 904 1153 eam
955 1094 1217 1164 nomine
1258 1093 1530 1155 edidisse
1544 1139 1566 1172 ,
1623 1117 1752 1156 non
1792 1097 2094 1180 intelligi-

191 1196 330 1265 tur,
397 1189 509 1270 qui
561 1192 842 1271 potuerit
896 1189 1036 1251 fieri
1049 1235 1070 1268 ,
1128 1198 1200 1252 ut
1257 1193 1337 1253 de
1378 1211 1533 1254 vero
1574 1196 1932 1277 tragoediae
1976 1196 2093 1257 ali-

194 1286 369 1371 cujus
441 1295 695 1350 auctore
755 1291 1065 1352 dubitatio
1134 1292 1403 1352 oriretur
1459 1298 1571 1352 aut
1642 1295 2093 1376 cognomimun

192 1388 523 1467 scriptores
577 1387 933 1450 fabularum
995 1389 1550 1451 confimderentur.
1661 1392 1749 1452 At
1807 1413 1954 1454 cum
2011 1393 2090 1474 Q.

192 1486 398 1546 Varus
409 1529 430 1563 ,
474 1487 624 1548 licet
666 1507 703 1547 a
745 1488 971 1566 MusiS,
1017 1495 1323 1570 quantum
1363 1489 1630 1572 Virgilio
1674 1497 1929 1553 auctore
1972 1492 2094 1553 sci-

192 1606 334 1646 mus
348 1630 369 1663 ,
438 1607 570 1646 non
629 1587 869 1648 alienus
928 1587 1120 1650 fuisse
1175 1589 1499 1666 videatur,
1573 1594 1789 1651 tamen
1844 1613 1978 1652 11011
2034 1592 2090 1651 is

195 1690 386 1761 esset,
430 1685 543 1765 qui
585 1687 914 1765 dramatiS,
959 1687 1131 1768 quod
1171 1688 1482 1765 ediderat,
1524 1693 1655 1750 tam
1679 1690 1911 1773 egregii
1942 1690 2094 1752 scri-

194 1950 420 2005 uterque,
472 1951 522 1991 et
566 1941 769 1991 Carcine·
816 1941 1064 2005 cujusdam
1099 1940 1363 2007 Thyestem
1409 1944 1590 2006 prosert
1623 1945 1912 1996 Aristoteles
1952 1943 2088 1995 Poet-

196 2032 237 2062 c.
271 2021 355 2064 16.
396 2015 440 2076 §.
478 2019 527 2062 2.
559 2026 623 2051 ⁴—-
666 2012 773 2062 Non
808 2016 963 2063 minus
991 2015 1264 2075 frequenter
1298 2015 1423 2064 idem
1452 2027 1779 2079 argumentum
1815 2020 1864 2066 in
1901 2035 2091 2067 scenam

194 2086 518 2147 produxerunt
568 2083 804 2146 Romani,
869 2094 922 2134 ut
970 2095 1098 2147 patet
1145 2104 1207 2135 ex
1254 2085 1442 2135 Horatii
1488 2086 1558 2135 A.
1596 2085 1654 2137 P.
1702 2105 1756 2137 v.
1791 2095 1877 2139 91.
1967 2087 2091 2138 Nam

195 2157 420 2217 Ennius,
474 2174 579 2205 cum
618 2174 660 2205 a.
694 2155 756 2205 U.
788 2154 845 2205 C.
879 2161 999 2208 585.
1040 2155 1305 2222 Thyestem
1340 2159 1609 2219 docuisset,
1661 2168 1861 2209 mortem
1911 2161 2091 2209 obiisse

195 2229 373 2290 fertur,
422 2237 612 2276 auctore
649 2225 875 2277 Cicerone
913 2230 964 2276 in
999 2226 1140 2278 Brut.
1177 2247 1217 2278 c.
1250 2235 1368 2289 20.;
1415 2229 1623 2279 Pacuvii
1655 2228 1918 2294 Thyestem
1966 2249 2089 2280 unus

197 2309 427 2349 memorat
471 2298 752 2361 Fulgentius
793 2317 837 2348 s.
873 2317 921 2348 v.
956 2300 1138 2348 luteum
1186 2319 1237 2362 p.
1278 2306 1397 2352 568.
1485 2302 1564 2351 De
1615 2305 1880 2364 cognomini
1930 2303 2092 2351 fabula

196 2371 344 2420 Sext.
383 2371 662 2432 Sempronii
701 2368 914 2420 Gracchi
953 2371 1063 2420 dixi
1105 2371 1155 2420 in
1196 2369 1412 2421 Excursu
1447 2370 1543 2422 VI.
1625 2371 1682 2421 ln
1730 2374 1901 2423 eodem
1948 2392 2110 2438 argu-.

196 2452 354 2491 mento
392 2444 691 2492 elaborarunt
718 2444 884 2491 seriori
917 2452 1072 2492 aetate
1119 2444 1370 2492 Curiatius
1408 2443 1708 2505 Maternus,
1773 2454 1895 2495 teste
1941 2444 2088 2495 Auct.

197 2513 390 2577 Dialog.
439 2514 500 2562 de
547 2513 706 2562 Oratt.
764 2532 806 2562 c.
855 2520 933 2575 3.,
997 2512 1065 2565 L.
1110 2513 1358 2564 Annaeus
1408 2515 1626 2576 Seneca,
1697 2518 1780 2578 qui
1824 2517 1974 2565 multa
2028 2535 2091 2565 ex

196 2584 439 2646 Euripidis
476 2582 664 2632 Cressis
699 2587 749 2633 in
786 2583 1050 2648 Thyestem
1075 2603 1208 2635 suam
1245 2588 1515 2648 transtulit,
1552 2595 1599 2636 et
1634 2588 1738 2650 alii,
1775 2597 1828 2637 ut
1863 2588 2089 2637 discimus

197 2674 260 2706 ex
294 2654 530 2704 Martialis
564 2653 702 2705 Libr.
724 2654 795 2705 V.
832 2655 1001 2720 Epigr.
1031 2663 1118 2707 53.
1166 2658 1224 2706 ad
1259 2657 1462 2707 Bassum
1497 2659 1723 2707 Poetam:

343 2725 575 2776 Colchida
610 2725 732 2792 quid
760 2727 960 2788 scribis,
996 2728 1120 2794 quid
1150 2728 1353 2790 scribis,
1392 2733 1572 2790 amice,
1632 2728 1929 2794 Thyestem?

488 2797 626 2866 Quid
656 2798 746 2847 tibi
778 2800 854 2848 vel
887 2799 1112 2861 Nioben,
1148 2800 1337 2861 Basse,
1384 2802 1461 2849 vel
1493 2798 1918 2851 Andromachen?

339 2870 574 2919 Materia
608 2882 710 2930 est,
747 2869 865 2919 mihi
897 2871 1071 2932 crede,
1118 2876 1216 2921 iuis
1250 2876 1503 2934 aptissima
1537 2870 1720 2921 chartis

490 2941 797 3004 Deucalion,
845 2942 924 2990 vel
930 2979 947 3002 ,
997 2946 1043 2992 si
1075 2963 1173 2992 non
1199 2944 1368 3006 placet
1400 2941 1479 2993 hic
1493 2980 1512 3003 ,
1550 2941 1804 2994 Phaethon
1815 2962 1836 3005 ‚⁰

199 3031 293 3074 quo
333 3021 497 3075 argute
543 3012 687 3062 Bassi
730 3015 935 3062 carmina
984 3015 1249 3064 indicantur
1295 3015 1436 3079 digna
1489 3032 1626 3077 esse,
1681 3032 1803 3077 quae
1839 3014 1916 3062 vel
1951 3013 2091 3062 undis

197 3085 280 3133 vel
325 3084 529 3133 flammis
574 3085 897 3133 absumantur.
979 3083 1119 3135 Hinc
1150 3089 1274 3135 inter
1309 3088 1542 3135 celebrata
1578 3103 1605 3134 a
1640 3088 1792 3148 poetis
1828 3085 2093 3148 tragoedia-

199 3173 303 3202 rum
340 3165 612 3218 argumenta
657 3157 820 3204 retulit
852 3155 1081 3217 prandia
1123 3176 1292 3220 regum
1330 3157 1521 3207 Persius
1564 3155 1667 3206 Sat.
1694 3155 1734 3206 I.
1771 3175 1818 3206 v.
1851 3162 1935 3205 67.
1971 3157 2087 3218 ibiq.
2137 3157 2140 3159 ’

199 3225 284 3274 Fr.
324 3227 582 3276 Passovius
615 3246 666 3289 p.
695 3232 814 3278 288.
839 3244 913 3288 sq.
954 3226 1030 3277 Cf.
1062 3230 1182 3276 infra
1214 3228 1275 3278 N.
1308 3236 1393 3280 72.
1465 3227 1528 3277 Et
1546 3226 1771 3276 Sidonius
1789 3226 2090 3290 Apollinaris

204 3295 362 3346 Cau-m.
397 3297 630 3359 XXIII„
669 3300 717 3346 in
754 3316 848 3359 quo
882 3308 1159 3360 argumenta
1193 3301 1461 3348 fabularum
1496 3301 1815 3363 scenicarum,
1848 3315 1964 3360 quas
2001 3299 2089 3346 sub

199 3367 469 3419 Theodosio
518 3371 719 3433 agebant
765 3368 1058 3419 Caramallus
1106 3380 1153 3419 et
1206 3369 1446 3420 Phabaton
1493 3373 1798 3434 pantomimi,
1857 3377 2087 3431 recenset,

200 3457 246 3487 v.
275 3446 394 3489 276.
433 3452 690 3490 memorat:
740 3441 854 3490 Sive
879 3440 1106 3503 prandia
1142 3446 1249 3506 quis
1278 3445 1442 3509 refert
1482 3441 1757 3508 Thyestae:
1810 3442 1877 3490 cs.
1915 3438 1971 3488 P.
2002 3437 2084 3487 Cr.

198 3505 683 3570 MiilleryGommeut.
716 3511 904 3563 Histor.
939 3510 1002 3562 de
1041 3513 1223 3577 Genio,
1259 3513 1495 3564 Moribus
1528 3512 1755 3563 etLoecxu
1787 3515 1896 3575 aevi
1929 3508 2087 3559 Theo-

198 3580 416 3644 dosiam',
445 3582 583 3634 Part.
611 3582 678 3633 Π.
716 3603 766 3648 p.
791 3589 912 3636 107.
