2236 3932
798 192 1140 235 Excunsus
1186 195 1259 234 11.
1845 173 1966 238 321

69 330 452 414 parasitum,
527 348 844 405 scurram,
866 376 884 414 ·.
914 335 986 391 ut
1051 329 1327 412 explicat
1396 328 1477 389 H.
1536 328 1833 407 Meyerus
1901 330 1968 389 in

68 431 358 491 Addend.
416 429 498 489 ad
553 428 916 505 Quintilian.
961 428 1151 490 Tom.
1180 428 1232 488 l.
1275 450 1342 510 p.
1373 428 1522 490 460.
1618 427 1862 488 Eodem
1903 429 1970 488 in

67 550 334 590 numero
362 548 436 589 ac
462 528 604 588 loco
645 526 1010 586 habendum
1051 534 1147 588 est
1184 527 1342 587 illud
1356 571 1376 603 ‚
1421 527 1596 607 quod
1639 527 1720 588 de
1756 527 1970 586 Asinio

66 628 391 703 Pollione,
447 625 559 706 qui
599 645 946 704 numquam
1003 627 1273 688 admissa
1312 626 1714 686 multitudine
1765 626 1971 686 decla-

66 734 303 803 maret,
346 723 657 807 judicium
697 723 848 785 fecit
889 726 1148 786 allatum
1191 746 1229 787 a
1263 725 1359 785 M.
1387 724 1635 786 Seneca
1667 723 1970 806 Excerpt.

69 825 369 887 Controv.
413 822 595 884 Libr.
634 822 742 884 IV.
783 844 850 906 p.
894 825 1042 885 412.
1086 826 1262 908 Rip..
1317 825 1498 902 „Ille
1547 822 1972 906 triumphalis

65 944 268 984 senex
334 921 629 1000 ἀκροάσεις
682 944 844 984 suas
895 943 1238 1006 nunquam
1294 922 1547 1008 populo
1616 922 1935 986 commi-sit
1949 947 1970 984 .·

66 1022 201 1085 sive
255 1022 415 1105 quia
459 1044 712 1104 parum
767 1021 841 1082 ‘in
898 1021 1027 1084 illis
1082 1023 1383 1085 habuerit
1420 1022 1721 1104 fiduciae
1731 1067 1754 1097 ,
1788 1021 1970 1095 seve,

66 1123 242 1205 quod
298 1122 516 1201 magis
558 1120 975 1198 crediderim,
1038 1135 1265 1184 tantus
1306 1133 1534 1184 orator
1574 1121 1859 1202 inferius
1901 1120 1974 1180 id

67 1242 232 1303 opus
291 1220 555 1301 ingenio
608 1242 731 1283 suo
793 1222 1137 1283 duxerit.“
1245 1223 1420 1300 Quae
1479 1221 1740 1302 quidem
1811 1221 1968 1281 mihi

66 1328 317 1404 sumpta
358 1341 499 1383 esse
540 1322 843 1383 videntur
884 1342 922 1384 a
945 1321 1034 1383 M.
1067 1321 1314 1384 Seneca
1354 1341 1443 1383 ex
1467 1318 1738 1381 Labieni
1767 1320 1970 1381 histo-

65 1420 175 1480 riis
190 1464 211 1497 ‚
259 1421 489 1502 quibus
530 1440 684 1482 suae
711 1421 1129 1503 potissimum
1169 1421 1392 1483 aetatis
1434 1439 1536 1482 res
1578 1425 1642 1490 et
1681 1419 1971 1510 homines

67 1521 480 1601 complexum
522 1540 673 1582 eum
712 1538 873 1581 esse
898 1521 1174 1582 dubitari
1211 1520 1484 1602 nequit.
1568 1560 1573 1565 ·
1630 1565 1633 1567 -

0 1621 15 1696 j-
191 1620 462 1680 Animus
506 1619 774 1681 Labieni
812 1639 932 1701 per
971 1620 1154 1698 vitia,
1188 1619 1400 1700 inquit
1427 1618 1514 1679 M.
1547 1567 1824 1697 Seneca,
1869 1617 1970 1679 in-

64 1737 221 1802 gens
262 1717 383 1780 fuit
426 1725 495 1782 et
535 1721 616 1781 ad
658 1719 1138 1782 similitudinem
1175 1718 1413 1803 ingenii
1438 1718 1773 1782 violentus,
1845 1717 1901 1778 N
1901 1739 1985 1780 e-

62 1839 172 1880 mo
213 1825 428 1881 tamen
470 1826 645 1897 erat,
700 1820 865 1901 squin
909 1840 1058 1882 cum
1098 1819 1344 1881 homini
1385 1818 1600 1880 omnia
1642 1814 1968 1901 objiceret,

61 1918 315 2001 ingenio
366 1920 644 1981 multum
696 1919 1022 1981 tribueret.
1136 1918 1426 1980 Libertas
1485 1918 1546 1982 ei
1599 1916 1714 1978 fuit
1776 1923 1970 1993 tanta,

64 2026 140 2078 ut
177 2018 484 2080 libertatis
539 2039 776 2082 nomen
818 2020 1164 2082 excederet
1218 2024 1286 2080 et
1328 2018 1503 2101 quia
1519 2017 1754 2102 passim
1797 2016 1971 2079 ordi-

62 2137 179 2178 nes
221 2117 639 2200 hominesque
680 2118 985 2198 laniabat,
1027 2117 1368 2197 Rabienus
1410 2123 1758 2181 vocaretur.
1846 2117 1972 2182 Pro

61 2215 358 2278 Rubiem‘
404 2218 665 2280 nomine
722 2223 1147 2284 contumeliae
1203 2237 1424 2280 caussa
1481 2217 1543 2279 ei
1597 2219 1746 2279 dato
1791 2217 1867 2279 G.
1907 2215 1971 2278 J.

66 2315 329 2378 Vossius
343 2361 364 2395 ‚
432 2338 564 2399 quo
604 2318 834 2380 melius
874 2326 1265 2402 παρονομασία
1308 2322 1700 2393 servaretur,
1764 2321 1973 2379 tenta-

63 2414 173 2475 bat
231 2415 573 2478 Lanienus
584 2460 608 2492 ,
689 2436 840 2479 eum
903 2416 1159 2478 ordines
1228 2417 1648 2498 hominesque
1706 2414 1972 2479 laniasse

67 2515 407 2577 diceretur.
496 2514 626 2578 Sed
666 2513 809 2600 jure
849 2517 988 2598 ipse
1031 2514 1186 2576 illud
1229 2513 1480 2599 rejecit,
1539 2537 1687 2583 cum
1730 2517 1970 2595 ἔμφατι-

66 2617 306 2695 κώεερον
361 2615 443 2676 sit
484 2637 722 2678 nomen
761 2614 1081 2690 Rabiem‘,
1151 2615 1324 2698 quod
1339 2660 1360 2695 ,
1430 2616 1624 2680 invita
1663 2616 1971 2693 Minerva,

65 2730 184 2790 per
224 2711 649 2797 conjecturam
682 2713 1005 2800 Bentlejus
1046 2716 1392 2778 obtrudere
1433 2717 1685 2780 volebat
1723 2715 1970 2778 Horatii

68 2808 242 2872 Libr.
272 2811 327 2873 Ι.
372 2813 508 2876 Sat.
538 2815 602 2876 3.
647 2838 710 2879 v.
739 2818 873 2878 82:

149 2910 226 2972 si
261 2899 599 2995 qais-eam
639 2937 900 2977 cervum
912 2958 935 2990 ‚
981 2914 1291 2998 patinam
1330 2915 1449 3000 qui
1487 2914 1712 2977 tollere
1743 2916 1971 2995 jussus

150 3012 438 3074 semesos
464 3012 677 3096 pisces
692 3058 713 3089 ,
759 3014 1170 3098 tepidumque
1211 3013 1532 3094 ligurierit
1563 3016 1699 3094 jue,

152 3109 241 3170 In
280 3133 468 3173 cruce
508 3113 793 3199 suffegrat
812 3139 833 3177 .·
895 3114 1205 3176 Labeone
1240 3112 1539 3176 insanior
1571 3113 1744 3176 inter

153 3209 364 3272 Sanos
405 3212 688 3274 dicatur.

67 3307 151 3368 At
191 3328 324 3370 non
366 3310 446 3372 Τ.
488 3310 849 3375 Labienum
902 3313 1082 3374 illum
1127 3312 1231 3375 hic
1271 3314 1519 3376 traduci
1562 3315 1642 3375 ab
1686 3314 1967 3391 Horatio,

68 3407 182 3467 sed
222 3406 310 3469 Μ.
337 3409 683 3471 Antistium
726 3411 1128 3489 Labeonem,
1179 3414 1534 3495 principem
1575 3413 1758 3474 illum
1801 3413 1969 3476 Icto-

67 3526 248 3583 mm,
317 3509 610 3572 evincere
670 3513 878 3573 studui
931 3513 999 3574 in
1056 3509 1433 3576 Lectionum
1491 3504 1741 3576 Venus.
1766 3514 1838 3574 P.
1882 3513 1966 3574 Π.

67 3613 120 3679 5.
147 3606 213 3667 4.
771 3631 776 3639 ·

141 3702 457 3758 Wmcutnr.
499 3707 788 3761 Comuntur.
1510 3715 1587 3774 21
