2236 3932
813 204 1152 266 Excnasns
1199 205 1299 243 111.
1598 240 1621 265 Ι
1881 166 2005 240 153

101 346 149 406 l.
177 366 233 406 c.
275 367 341 427 p.
371 345 477 406 33.
576 344 654 406 Id
710 351 894 406 extra
949 361 1207 407 omnem
1243 339 1724 401 vdubitationem
1766 343 2010 420 ponunt

112 445 354 507 Horatii
395 444 594 507 verba
635 464 697 506 v.
726 443 862 505 15.=

411 542 541 605 cui·
573 543 806 602 laurus
850 552 1150 604 aeternos
1191 542 1469 628 honores

501 640 877 702 Dalmatico
918 641 1178 724 peperit
1217 640 1569 724 triumphe.

9 764 11 770 ’
106 744 436 806 Massonus
493 748 545 815 §.
591 745 654 802 7.
709 742 778 802 in
832 743 1043 803 medio
1093 742 1433 823 relinquit,
1500 761 1628 823 quo
1670 737 1829 799 haec
1873 733 2013 797 Oda

106 844 339 924 scripta
396 841 482 901 sit
510 855 698 902 'anno
756 848 1069 924 negatque
1128 848 1300 903 certo
1343 840 1590 902 definiri
1631 857 1852 921 posse:
1925 836 2015 895 ita

106 943 299 1004 etiam
340 939 896 1023 Vanderbourgius
938 942 1018 1001 ad
1048 942 1267 1013 Horat.
1299 941 1445 1003 Vol.
1478 940 1531 1000 I.
1572 962 1637 1023 p.
1656 934 1803 1000 205.
1871 934 2016 1030 Jam

106 1043 250 1103 licet
293 1046 537 1109 constet
550 1083 570 1123 ,
615 1039 1000 1118 Pollionem,
1060 1048 1197 1101 acto
1239 1040 1560 1121 triumpho
1575 1083 1595 1116 ,
1640 1035 2016 1100 abstinuisse

11 1133 13 1146 ²
108 1140 284 1203 omni
323 1146 507 1222 parte
549 1141 931 1220 reipublicae
973 1140 1503 1200 administrandae
1554 1145 1617 1199 et
1656 1139 1726 1198 in
1769 1137 1900 1197 otio
1944 1155 2019 1197 ac

112 1260 365 1301 secessu
418 1240 774 1300 litterarum
817 1239 1036 1300 studiis
1078 1239 1347 1314 vixisse3
1409 1245 1621 1299 tamen
1663 1236 1854 1299 valde
1900 1236 2020 1295 du-

108 1340 287 1400 bium
354 1345 481 1416 est,
549 1360 705 1399 num
759 1347 908 1399 ante
966 1339 1349 1399 debellatum
1406 1337 1495 1397 M.
1534 1335 1881 1398 Antonium
1938 1335 2020 1395 de

109 1439 558 1501 conscribenda
598 1439 911 1500 bellorum
967 1437 1249 1498 civilium
1306 1437 1569 1497 historia
1631 1434 2026 1515 cogitaverit.

14 1530 15 1534 ¹
109 1538 439 1599 Neminem
496 1538 665 1599 enim
715 1537 923 1596 minus
966 1557 1156 1617 quam
1196 1536 1550 1597 Pollionem
1590 1539 1888 1617 poterant
1929 1533 2024 1593 la-

14 1649 17 1706 ῑ
110 1644 248 1698 tere
316 1637 629 1720 gliscentis
692 1636 863 1697 inter
922 1635 1256 1696 Caesarem
1327 1633 1744 1697 Octavianum
1811 1638 1878 1694 et
1933 1630 2023 1691 M.
2144 1699 2149 1709 Ι

111 1737 456 1799 Antonium
513 1737 864 1798 discordiae
905 1737 1197 1818 igniculi,
1259 1737 1461 1798 serius
1506 1735 1679 1797 ocius
1723 1734 1793 1794 in
1836 1752 2025 1815 aper-

16 1874 19 1906 ³
111 1844 250 1897 tum
292 1837 576 1918 erupturi
617 1838 879 1898 bellum.
967 1838 1178 1918 Atque
1222 1838 1304 1897 ad
1345 1836 1462 1897 hos
1504 1834 1856 1917 principes,
1900 1832 2025 1893 mi-

111 1937 287 1998 nime
329 1938 411 1998 ad
437 1934 816 2022 Pompeium
855 1937 943 1999 M.
977 1944 1042 2000 et
1071 1937 1310 2001 ,Iulium
1339 1936 1694 2014 Caesarem,
1735 1938 2026 2016 spectare

17 2025 20 2052 ¹
112 2043 268 2118 puto
310 2058 374 2100 v.
405 2038 549 2099 6-
565 2040 627 2102 8.

312 2136 723 2203 Periculosae
759 2139 1029 2222 plenum
1070 2159 1236 2222 opus
1278 2139 1462 2200 aleae

421 2240 703 2301 Tractus
718 2283 742 2315 ,
787 2249 850 2300 et
890 2238 1133 2301 incedis
1163 2262 1293 2323 per
1332 2239 1516 2320 ignes

513 2337 896 2422 &oppositos
937 2339 1146 2403 cineri
1184 2341 1428 2401 dolose.

20 2481 22 2505 ;
119 2437 282 2500 Cmn
335 2436 679 2521 Pompeius
739 2446 802 2501 et
859 2439 1087 2502 Caesar
1143 2442 1382 2502 dudum
1438 2459 1476 2501 e
1530 2437 1746 2500 medio
1804 2435 2030 2498 sublati

21 2597 24 2632 Ξ
115 2546 330 2600 essent
344 2583 364 2616 ,
435 2538 595 2599 nihil
663 2540 927 2621 periculi
994 2541 1269 2602 hahebat
1341 2558 1638 2602 enarrare
1676 2536 2029 2618 ,historiam
2146 2535 2149 2539 ’

22 2668 33 2718 ζ
118 2640 273 2700 belli
316 2639 396 2700 ab
438 2646 716 2720 utroque
759 2641 938 2723 gesti.
1023 2642 1110 2701 At
1152 2642 1204 2702 si
1230 2640 1594 2702 memineris
1607 2683 1627 2717 ,
1670 2637 2029 2699 Pollionem

117 2737 623 2823 coniunctiorem
667 2759 919 2820 semper
946 2740 1140 2802 fuisse
1172 2740 1261 2801 M.
1292 2739 1600 2818 Antonio,
1643 2738 2029 2820 iniquiorem

118 2839 505 2915 Octavian03
575 2861 708 2901 non
765 2838 1021 2901 difficile
1074 2847 1172 2902 est
1211 2841 1561 2918 intellectu,
1621 2860 1815 2922 quam
1855 2837 2028 2920 peri-

118 2941 406 3002 culosum
460 2947 527 3002 et
569 2960 798 3022 anceps
840 2940 1029 3001 fuerit
1042 2985 1063 3020 ,
1119 2947 1459 3023 postquam
1501 2939 1881 3003 Octavianus
1924 2957 2030 2997 re-

118 3062 262 3101 rum
320 3042 492 3102 solus
544 3041 783 3123 potitus
825 3046 990 3117 erat,
1060 3062 1208 3102 cum
1248 3038 1464 3125 judicii
1504 3041 1789 3102 libertate
1835 3043 1898 3098 et
1941 3057 2030 3098 ex

119 3160 335 3201 rerum
360 3142 625 3203 veritate
654 3141 967 3201 bellorum
998 3141 1277 3204 civilium
1304 3141 1631 3204 historiam
1661 3145 2028 3202 contexere.

28 3320 29 3324 Ἰ
120 3241 433 3316 Quamdiu
490 3241 659 3302 enim
699 3240 787 3299 M.
837 3240 1146 3302 Antonius
1189 3242 1477 3320 vivebat,
1522 3240 1792 3303 Pollioni
1817 3238 2028 3299 minus

120 3340 439 3401 timendus
497 3346 635 3401 erat
699 3338 1112 3416 Octavianus:
1187 3362 1333 3405 cum
1390 3343 1501 3404 illo
1565 3347 1745 3404 vetus
1790 3338 1854 3400 ei
1896 3344 2031 3399 erat

125 3440 434 3518 amicitia,
483 3446 555 3499 ut
596 3439 731 3521 ipse
773 3439 988 3500 scribit
1015 3439 1301 3504 Ciceroni
1342 3442 1520 3504 Libr.
1542 3442 1624 3502 X.
1669 3440 1750 3501 ad
1777 3438 2028 3502 DiverS.

121 3540 321 3621 Epist.
353 3540 459 3600 33.
503 3547 554 3613 §-
587 3537 647 3598 5.
667 3581 685 3616 ‚
747 3559 895 3601 cum
937 3540 1060 3603 hoc
1098 3542 1438 3605 inveterata
1480 3540 1766 3603 simultas
1808 3543 1872 3601 et
1913 3537 2030 3601 ob-

123 3640 346 3701 stinata
405 3639 747 3703 vohmtatis
802 3640 1131 3722 alienatio,
1192 3648 1263 3705 ut
1315 3643 1416 3706 vel
1459 3661 1831 3726 responsum
1873 3639 2031 3700 illud
