2236 3932
244 99 372 165 224
822 121 902 162 DE
950 120 1173 163 cAsslo
1221 121 1586 164 malumst.

246 257 440 327 altero
495 256 805 337 Pindaro,
877 257 987 339 qui
1041 258 1198 317 item
1255 256 1433 318 Libr.
1479 257 1586 319 IV.
1633 257 1773 319 Oda
1814 261 1875 320 2.
1919 260 2145 321 dicitur

245 358 418 421 velut
473 359 675 419 amnis
728 364 946 418 monte
1002 357 1345 430 decurrens
1387 355 1643 419 fervere>
1675 359 2148 440 immensusque

244 477 432 519 ruere
491 478 603 520 ore
659 455 974 537 profundo
986 497 1010 528 ,
1085 452 1313 517 festiva
1369 457 1714 518 admodum
1771 465 1833 519 et
1888 456 2149 541 joculari

246 555 496 618 fictione
568 553 840 636 subjecit
907 553 1207 614 Horatius
1221 597 1243 630 ,
1321 555 1502 616 illum
1570 558 1774 638 capsis
1844 559 2150 639 librisque

246 656 519 738 propriis
565 654 926 713 ambustum
970 671 1128 713 esse.
1229 653 1398 715 Haec
1441 656 1657 737 utique
1714 659 1794 718 ad
1836 657 2152 718 Lucilium

247 777 381 816 non
435 753 831 835 spectabant:
912 771 1180 812 acumen
1236 753 1410 813 enim
1454 758 1938 837 comparationis
1982 757 2154 817 inest

249 858 498 914 tantum
552 852 622 911 in
677 872 786 913 vv.
861 850 1103 932 rapido
1140 852 1525 932 ferventius
1584 856 1800 930 amni3
1870 855 2154 918 Lucilius

249 958 462 1014 autem
505 950 723 1010 similis
769 956 907 1010 erat
951 949 1163 1011 Cassio
1207 950 1477 1013 Etrusco
1517 954 1584 1013 in
1611 953 1951 1016 fundendis
1980 976 2155 1016 sum-

248 1072 355 1114 ma
395 1050 722 1112 velocitate
765 1050 1054 1111 versibus
1069 1095 1088 1126 ,
1133 1052 1303 1111 unde
1342 1053 1508 1132 apud
1533 1053 1812 1115 Cassium
1842 1061 1988 1115 nata
2015 1074 2156 1116 esse

249 1149 582 1232 postremis
639 1149 851 1211 verbis
908 1149 1225 1209 indicatur
1298 1170 1374 1211 ea
1434 1152 1780 1214 carminum
1834 1155 2037 1215 vilitas
2096 1160 2175 1215 etl

248 1249 519 1310 tenuitas
533 1294 552 1326 ‚
613 1256 686 1308 ut
726 1269 880 1330 rogo
925 1249 1249 1329 scriptoris
1290 1249 1767 1330 imponerentur
1809 1259 1875 1314 et
1917 1254 2160 1314 exstin-

252 1356 353 1411 cto
398 1369 476 1410 eo
519 1349 704 1409 simul
746 1348 1292 1430 exstinguerentur
1334 1355 1525 1430 atque
1569 1371 1649 1411 ex
1689 1372 1808 1411 usu
1838 1359 1900 1413 et
1936 1353 2162 1414 notitia

252 1449 582 1510 hominum
625 1454 1097 1510 evanescerent.
1197 1449 1336 1524 Qua
1392 1449 1462 1509 in
1512 1470 1585 1510 re
1628 1451 1901 1511 dubitari
1942 1452 2165 1533 nequit

254 1549 411 1631 quin
464 1547 757 1608 Horatius
812 1567 926 1607 suo
986 1567 1167 1608 more
1238 1548 1428 1613 simul
1480 1549 1545 1609 id
1611 1551 2018 1632 spectaverit,
2091 1558 2163 1612 ut

254 1654 421 1710 tecte
466 1654 532 1708 et
588 1646 765 1728 quasi
822 1646 995 1706 aliud
1052 1667 1243 1730 agens
1300 1648 1705 1709 stomachum·
1746 1649 1979 1711 faceret
2020 1651 2164 1710 >Lu-

259 1747 387 1809 cilii
432 1744 947 1821 admiratoribus,
1003 1745 1217 1826 utqui,
1277 1746 1330 1806 si
1380 1745 1706 1810 Lucilium
1761 1770 1944 1809 suum
1988 1770 2163 1810 com-

254 1847 536 1930 positum
581 1850 1137 1926 comparatumque
1192 1846 1477 1908 viderent
1533 1867 1678 1908 cum
1735 1853 1865 1909 tam
1919 1850 2163 1911 misello

258 1953 325 2008 et
389 1951 747 2026 contempto
820 1942 1281 2022 versificatore,
1315 2024 1318 2028 Ι
1355 1946 1556 2025 qualis
1623 1946 1844 2008 fuisset
1920 1949 2165 2010 Cassius

257 2046 591 2120 Etruscus,
647 2064 778 2104 non
829 2050 1082 2124 possent
1126 2066 1257 2104 non
1297 2031 1706 2106 vehementer
1747 2047 2059 2131 indignari
2103 2054 2168 2109 et

258 2146 354 2207 ira
397 2143 875 2206 excandescere.
962 2142 1203 2203 Verum
1229 2150 1482 2221 tamen,'
1508 2151 1851 2226 utcumque
1880 2149 1958 2208 de
1992 2169 2167 2209 com-

260 2243 557 2307 menticia
588 2241 783 2302 Cassii
824 2242 1142 2323 sepultura
1183 2240 1529 2324 judicatur,
1575 2245 1644 2304 id
1683 2245 1753 2305 in
1795 2248 2008 2327 aprico
2052 2255 2167 2326 est,

259 2345 433 2406 hunc
478 2341 759 2402 Cassium
790 2340 1127 2403 Etruscum
1168 2364 1301 2423 non
1342 2344 1585 2403 laudari
1626 2345 1730 2406 hic
1774 2347 1853 2405 ab
1886 2347 2167 2424 Horatio,

266 2446 380 2507 sed
420 2442 672 2503 irrideri
714 2447 780 2506 et
824 2442 1311 2502 commemorari
1366 2449 1691 2523 tamquam
1733 2446 1971 2505 malum
2012 2467 2168 2527 poe-

263 2553 395 2606 tam
436 2549 618 2623 atque
661 2541 730 2600 in
774 2561 850 2602 eo
893 2541 1222 2618 vitiosum,
1280 2543 1451 2622 quod
1492 2543 1730 2622 pariter
1773 2564 1845 2605 ac
1887 2543 2169 2606 Lucilius

264 2663 486 2707 versus
528 2641 865 2701 festinante
910 2641 1078 2718 stylo
1124 2638 1422 2701 effuderit
1464 2648 1528 2701 et
1555 2650 1840 2703 metuens
1884 2644 2171 2705 laborem

267 2745 457 2804 limae
488 2740 719 2801 chartis
743 2741 1034 2803 illeverit.
1123 2741 1331 2820 Atque
1355 2741 1566 2800 Acron
1596 2739 1977 2803 Scholiastes
2026 2764 2172 2803 eum

270 2841 586 2924 expressis
629 2841 839 2901 verbis
883 2828 1157 2921 appellat
1183 2839 1434 2898 malum
1474 2851 1765 2920 poetam,
1812 2841 1920 2921 qui
1951 2843 2172 2922 rapido

270 2941 443 3004 amni
497 2939 694 3005 multa
749 2945 1161 3021 purgamenta
1218 2958 1436 2999 secum
1486 2939 1759 2999 trahenti
1802 2941 2173 3000 assimilatus

269 3042 382 3117 sit,
428 3040 598 3122 quod
639 3026 874 3098 multos
918 3059 1136 3100 versus
1178 3038 1248 3098 in
1287 3059 1485 3120 parvo
1527 3045 1849 3100 momento
1894 3039 2174 3119 scripsis-

272 3148 368 3201 set
438 3139 670 3200 nullius
726 3137 1058 3218 utilitatis:
1144 3158 1269 3218 qua
1336 3127 1596 3219 quidem
1662 3138 2175 3220 interpretatione

272 3239 432 3300 nihil
474 3243 859 3319 potestesse
901 3237 1112 3298 verius
1127 3238 1199 3315 22)
1219 3237 1232 3297 Σ

422 3472 508 3522 22)
546 3464 851 3526 Comparatio
900 3465 978 3514 vel
1025 3469 1249 3515 orationis
1287 3468 1363 3515 vel
1400 3467 1653 3515 dicentium
1691 3485 1797 3515 cum
1833 3466 2025 3513 flumine
2062 3466 2177 3513 satis

279 3540 417 3587 obvia
479 3548 550 3587 est
611 3538 737 3600 apud
797 3538 1045 3599 utriusque
1098 3540 1259 3600 populi
1316 3542 1600 3600 scriptores,
1660 3539 1746 3587 sed
1792 3555 1879 3599 pro
1928 3537 2176 3584 scribentis
