2236 3932
728 195 812 238 ιιι·
857 197 917 236 1..
946 196 1156 239 vnuo
1202 195 1441 237 roErA.
1951 179 2035 240 87

131 335 492 397 habuerunt
531 353 699 415 quae
753 335 839 395 de
895 331 1350 397 consuetudine
1391 331 1634 416 Virgilii
1675 353 1822 395 cum
1863 333 2032 395 Varii

115 454 341 497 -uxore
409 434 670 495 tradidit
739 430 1027 495 Servius.
1153 431 1315 493 Nam
1382 432 1583 494 relata
1648 431 1774 492 ista
1843 431 2031 510 fama,

131 533 404 616 „Atque
458 533 668 606 hoc,“
744 531 992 612 inquit,
1059 531 1352 608 „ooadte
1419 531 1504 592 ab
1561 529 1705 613 ipso
1763 530 2037 609 Virgilio

131 634 204 695 in
256 630 577 692 Bucolicis
615 629 731 690 illo
769 651 966 691 versu·
1007 629 1617 712 (Ecl.1[1.v.20.)
1676 628 2045 711 signficari

132 731 379 791 dicunt.
463 730 593 789 Sed
630 750 767 789 swe
804 730 1214 808 tragoediam
1236 732 1435 790 Maro
1476 727 1857 812 composuit,
1901 728 2039 789 eive

130 851 268 890 non
279 853 301 902 ,-
362 827 653 889 alienam
703 828 881 889 hane
935 851 983 889 a
1030 828 1301 907 Virgilii
1334 827 1716 890 castissime
1751 827 2040 889 moribus

132 927 589 989 narrationem
634 938 804 1009 puto
814 970 840 1003 ,
898 937 963 989 et
1009 927 1289 992 Varium
1320 926 1618 1011 potu-isse
1657 949 1778 989 suo
1818 930 2041 990 Marte

124 1027 437 1108 fabulam
492 1047 872 1109 componere
886 1071 908 1106 ,
964 1027 1241 1089 Horatii
1291 1038 1356 1087 et
1414 1026 1637 1088 Ovidii
1669 1026 2038 1089 testimonio

126 1132 394 1210 patet.“
485 1127 669 1203 Quae
726 1127 940 1187 omnia
993 1127 1254 1209 repetiit
1311 1146 1387 1187 ac
1441 1146 1666 1187 secure
1710 1128 2042 1208 descripsit

131 1226 238 1287 Fr.
281 1220 478 1288 Henr.
521 1227 785 1288 Bothius
842 1227 914 1287 in
967 1226 1147 1287 Poet.
1206 1224 1456 1286 Scenic.
1514 1223 1727 1286 Latin.
1783 1226 1930 1287 Vol.
1967 1227 2040 1287 V.

130 1325 204 1387 P.
232 1326 287 1387 I.
329 1349 397 1408 p.
424 1325 608 1388 260.!
667 1325 900 1387 Contra
939 1325 1019 1384 A.
1053 1324 1133 1386 G.
1167 1322 1448 1406 Langius
1503 1323 1575 1383 in
1605 1324 1802 1385 vind.
1850 1326 2041 1409 Trag.

131 1425 315 1487 Rom.
360 1448 425 1507 p.
459 1428 561 1486 11.
615 1431 834 1508 negat,
904 1423 1237 1505 Virgilium
1294 1442 1603 1503 umquam
1645 1425 1870 1504 poesin
1911 1431 2043 1485 tra-

132 1526 340 1609 gicam
366 1526 681 1607 attigisse,
725 1529 789 1583 et
823 1542 988 1603 quae
1018 1521 1427 1583 Grammatici
1454 1523 1535 1583 de
1563 1523 1734 1583 Varii
1762 1525 2044 1603 Thyeste

131 1645 250 1706 per
316 1643 594 1684 uxorem
650 1641 690 1682 a
746 1620 1015 1704 Virgilio
1084 1626 1345 1702 accepta
1414 1623 1872 1702 prodiderunt,
1956 1625 2046 1685 sic

131 1727 594 1784 commemorat
608 1765 629 1798 ,
682 1726 756 1781 ut
806 1721 1020 1802 ipsum
1059 1720 1288 1782 harum
1328 1722 1583 1782 taedeat
1639 1723 2044 1804 ineptiarum.

302 1820 619 1902 Equidem
659 1827 736 1881 ut
778 1822 1158 1898 concedam,
1216 1820 1424 1880 nullas
1467 1842 1776 1903 umquam
1820 1843 1857 1883 a
1900 1823 2046 1884 Vir-

131 1922 282 2005 gilio
337 1922 408 1981 in
463 1922 676 1982 lucem
731 1921 935 1982 editas
992 1940 1134 1982 esse
1175 1920 1563 2002 tragoediaS,
1631 1927 1847 1984 tamen
1888 1923 2048 1983 nihil

131 2021 406 2082 arbitror
459 2022 713 2083 obstare
730 2065 751 2098 ‚
826 2042 955 2102 quo
1012 2021 1226 2081 minus
1281 2020 1406 2080 hoc
1466 2022 1677 2102 poesis
1722 2042 1922 2106 genus
1967 2025 2045 2084 ab

106 2121 243 2181 -iuo
287 2121 484 2181 animi
527 2140 744 2182 caussa
786 2126 1097 2182 tentatum
1110 2165 1132 2198 ,
1202 2125 1397 2200 atque
1438 2119 1612 2181 inter
1654 2123 1777 2182 alia
1819 2143 2047 2204 perva-

132 2220 525 2304 gatissimum
592 2221 753 2291 illud
823 2220 1209 2304 tragicorum
1265 2220 1346 2280 de
1410 2221 1647 2280 mensis
1709 2222 2047 2301 Thyesteis

133 2327 577 2404 argumentum
617 2321 783 2403 pede
824 2326 927 2381 ter
955 2340 1261 2402 percusso
1306 2320 1615 2401 scriptum
1659 2342 1800 2384 esse
1845 2325 2049 2405 suspi-

135 2440 373 2481 cemur.
474 2419 633 2480 Nam
689 2420 993 2480 Martialis
1036 2419 1215 2480 Libr.
1253 2418 1418 2480 VIII.
1461 2419 1583 2502 Ep.
1619 2423 1718 2482 18.
1763 2444 1827 2485 v.
1855 2427 1919 2484 7.
1951 2445 2047 2504 sq.

134 2639 223 2672 nea
258 2622 518 2671 liberorum
557 2630 711 2671 coctas
754 2629 804 2671 et
839 2621 1055 2684 patribus
1102 2623 1344 2684 appositas
1377 2630 1678 2687 versaretur,
1729 2624 1892 2687 lepide
1928 2625 2049 2674 dixit

136 2691 334 2743 Persius
365 2692 516 2743 ollam
551 2691 758 2742 Procnes
789 2703 837 2743 et
873 2692 1120 2758 Thyestae
1148 2695 1452 2762 ferventem.
1530 2693 1762 2758 Utraque
1785 2707 1942 2746 autem
1980 2698 2050 2746 fa-

134 2765 281 2829 bula,
335 2767 558 2828 quoniam
610 2765 884 2827 placuerat,
941 2766 1142 2827 saepius
1188 2767 1356 2828 reponi
1404 2775 1452 2816 et
1490 2761 1927 2818 ἀναδιδάσκεσθαι
1966 2769 2049 2817 de-

134 2837 265 2887 buit.
310 2851 454 2900 saepe
490 2838 637 2900 igitur
671 2835 869 2899 agenda
915 2836 1006 2885 fuit
1042 2834 1254 2901 Glyconi
1291 2837 1552 2902 tragoedo,
1603 2857 1690 2901 pro
1727 2859 1821 2902 quo
1856 2839 2051 2902 pulchre

134 2907 391 2960 coenando
442 2906 638 2958 Persius
687 2909 840 2970 dixit,
902 2908 1032 2971 quod
1069 2910 1314 2970 praeclare
1349 2913 1578 2960 convertit
1618 2910 1902 2961 Passovius.
1969 2913 2050 2978 oft

136 2979 535 3031 wiederzukiiuen
568 2979 677 3030 dem
711 2979 944 3030 albet-nen
965 2980 1168 3045 Glycon.
1225 2978 1479 3030 Caeterum
1507 2982 1623 3031 mihi
1640 3001 1734 3032 non
1751 2984 1941 3033 dubium
1959 2993 2047 3045 est,

140 3049 368 3112 aPersio,
407 3062 461 3101 ut
497 3053 640 3114 alibi,
678 3054 744 3101 ita
780 3052 859 3101 hic
887 3070 1075 3114 quoque
1108 3062 1230 3102 tecte
1258 3055 1387 3116 carpi
1416 3052 1655 3103 Neronem
1691 3053 2048 3117 11111›eratore1n‚

138 3140 170 3173 a
204 3141 300 3186 quo
337 3133 586 3187 personato
622 3141 766 3187 saepe
808 3121 1068 3188 Thyestem
1102 3133 1256 3173 actum
1293 3141 1402 3175 esse
1439 3126 1576 3176 docet
1611 3128 1747 3176 locus
1782 3126 2045 3187 Juvenalis,

140 3205 273 3245 attae
309 3196 419 3245 bilin
454 3196 792 3258 plenissimus,
838 3193 1150 3245 Satin-,Vnt
1190 3214 1237 3246 v.
1276 3203 1430 3247 228.:

340 3265 603 3334 Major-um
634 3267 834 3335 effigies
866 3264 1076 3317 habeant
1106 3270 1325 3331 insignia
1355 3272 1517 3318 vocis.-

340 3338 401 3387 A
404 3350 481 3386 nee
508 3336 660 3401 pedes
696 3338 892 3388 Domiti
925 3339 1122 3402 longum
1154 3351 1208 3388 iu
1235 3358 1368 3402 pone
1407 3338 1651 3405 Thyestae

341 3409 527 3474 Syrum
562 3411 639 3460 vel
670 3410 952 3473 Antigones
984 3430 1070 3461 seu
1096 3430 1363 3475 personam
1398 3412 1742 3474 Menalippes.

141 3479 285 3547 Quae
334 3493 381 3531 et
427 3484 528 3543 ipsa
577 3482 859 3531 documento
904 3492 1043 3545 nunt,
1105 3494 1331 3547 quantum
1383 3482 1566 3532 Romae
1603 3486 1650 3531 in
1687 3482 1869 3533 deliciis
1904 3482 2049 3532 suerit

140 3555 372 3618 tragicum
409 3552 528 3601 illud
565 3563 920 3618 argumentum,
957 3554 1113 3618 quod,
1146 3565 1197 3604 ut
1230 3555 1420 3604 Horatii
1457 3551 1666 3605 Libr.1.
1705 3550 1806 3605 od.
1837 3559 1886 3604 6.
1923 3573 1967 3604 v.
1997 3561 2046 3605 8.

139 3626 301 3675 verbis
336 3634 471 3688 utar,
510 3642 660 3675 saeva
693 3625 892 3690 Pelopi-n
926 3623 1096 3678 domm
1130 3628 1401 3691 praebebat.
