2236 3932
659 192 757 243 423:-
792 193 1022 244 ussm
1065 189 1432 250 manassi.
1889 170 2020 243 299

111 346 323 421 posset
383 339 764 422 argumentis
820 338 1177 400 exornavit.
1276 325 1392 398 De'
1417 328 1721 416 scriptore
1764 336 2021 399 illorum

114 459 451 513 remman,
500 436 694 498 simul
737 444 934 517 atque
974 439 1056 497 in·
1084 438 1297 497 lucem
1337 433 1491 496 editi
1534 440 1775 511 essent,
1836 436 2020 495 dubi-

120 539 240 597 tari
282 544 573 619 coeptum
617 541 732 596 est.
819 535 1097 595 Achilles
1141 534 1371 595 Statius
1414 534 1675 614 quidem
1690 576 1709 608 ,
1756 532 2022 593 Ritters-

115 637 368 714 husius,
445 634 869 714 Glaudorpius
911 634 979 694 in
1024 633 1345 694 Onomast.
1387 654 1452 714 p.
1493 633 1643 694 208.
1659 675 1679 709 ,
1727 630 2025 692 Schottus

101 723 478 796 'Observata
522 729 794 792 Human.
836 732 1016 792 Libr.
1048 733 1128 791 ΙΙ.
1175 753 1231 793 c.
1260 732 1363 792 44.
1406 754 1472 814 p.
1505 733 1609 792 91.
1653 730 1886 812 aliique
1914 749 2026 814 ge*

113 835 347 893 nuinos
391 852 501 892 eos
543 838 610 891 et
655 833 967 912 antiquos*
992 832 1287 891 'dixerunt
1328 838 1394 892 et
1437 833 1667 892 Poetae
1716 829 2024 890 Parmen-

120 932 205 992 sis
261 929 517 1014 ingenio
578 941 666 991 et·
700 931 983 991 doctrina
1041 931 1457 1013 diguissimoS.
1552 929 1792 991 Contra
1853 927 2027 990 Scri-

113 1030 325 1093 verius
378 1032 445 1091 in
500 1030 679 1091 Notis
723 1032 804 1090 ad
846 1030 1179 1091 Pithoeum
1221 1030 1428 1106 Mstis,
1491 1040 1648 1110 quas
1704 1023 2032 1090 Burman-

115 1151 234 1189 nus
294 1131 376 1190 ad
434 1131 622 1190 Anth.
674 1129 814 1190 Lat.
858 1130 904 1189 l.
943 1150 998 1191 c.
1056 1127 1268 1206 affert,
1342 1135 1405 1190 et
1458 1128 1532 1188 N.
1583 1130 1878 1190 Heinsius
1944 1128 2024 1188 ad

118 1229 363 1312 Virgilii
419 1231 576 1290 Aen.
620 1229 798 1289 Libr.
832 1227 937 1288 Vl.
979 1249 1043 1290 v.
1073 1225 1219 1289 556.
1264 1248 1374 1290 eos
1417 1228 1665 1308 spurios
1693 1248 1833 1289 esse
1871 1249 2023 1308 pro-

119 1330 501 1390 nuntiarunt.
572 1326 1077 1404 WernsdorfiuS,
1122 1329 1176 1388 si
1210 1349 1340 1389 non
1366 1347 1403 1387 a
1434 1326 1649 1388 Cassio
1679 1327 2027 1406 Parmensi,

122 1436 293 1490 certe
364 1430 444 1489 ab
513 1428 866 1509 antiquiore
927 1434 1186 1488 auctore
1240 1426 1504 1506 scriptos
1580 1446 1720 1486 esse
1793 1433 2029 1502 censet,

124 1549 318 1608 quam
359 1528 552 1588 fuerit
591 1528 871 1588 Achilles
918 1525 1153 1587 Statius
1166 1525 1263 1604 ⁵⁷).
1361 1525 1456 1584 Ab
1510 1525 1632 1586 hoc
1676 1525 1850 1585 enim
1891 1526 2029 1607 ipso

114 1630 323 1708 primo
375 1628 618 1688 editore
660 1626 913 1688 fuertmt
955 1626 1065 1707 qui
1106 1626 1266 1685 illud
1308 1625 1617 1706 quidquid
1652 1632 1748 1685 est
1769 1646 2035 1707 poema·

122 1726 202 1788 tis
261 1728 683 1809 compositum
754 1734 822 1788 et
872 1746 990 1807 per
1047 1725 1336 1785 fraudem
1398 1725 1545 1785 satis
1614 1725 1870 1787 obviam
1925 1726 2032 1786 illa

122 1833 331 1888 aetate
383 1826 707 1887 Parmensi
763 1825 978 1887 Cassio
1037 1824 1320 1885 affictum
1361 1844 1498 1885 esse
1540 1825 2026 1905 suspicarentur.

124 1927 261 2002 Qua
302 1926 562 2008 quidem
605 1926 827 1986 fraude
857 1925 1171 1989 Achillem
1205 1923 1482 1984 Statium
1509 1924 2029 1986 immunemesse

124 2025 196 2086 C.
240 2025 530 2086 Barthius
588 2027 670 2086 ad
723 2023 1049 2085 Claudiani
1106 2025 1187 2085 de
1243 2025 1426 2106 Rapt.
1481 2023 1773 2105 Proserp.
1818 2024 2027 2086 Praef.

120 2123 299 2186 Libr.
329 2124 415 2186 ΙΙ.
458 2147 522 2189 v.
548 2125 655 2186 24.
711 2146 775 2205 p.
807 2125 956 2186 904.
1000 2125 1151 2185 inde
1216 2124 1508 2185 evincere
1567 2125 1808 2201 studet,
1855 2126 2029 2206 quod

120 2225 214 2285 illi
267 2244 398 2286 non
440 2245 517 2286 ea
557 2224 748 2286 fuerit
787 2225 1024 2308 ingenii
1078 2225 1175 2287 vis
1189 2267 1209 2301 ,
1266 2229 1340 2283 ut
1380 2224 1486 2285 vel
1528 2245 1731 2284 unum
1772 2215 2031 2287 versum

120 2331 333 2386 tantae
391 2325 738 2408 elegantiae
790 2324 1095 2405 potuisset
1149 2324 1527 2384 extundere.
1628 2323 1848 2405 Neque
1893 2325 2031 2405 opi-

121 2425 314 2486 nione
354 2423 549 2485 falsus
592 2430 689 2486 est
733 2423 965 2504 Caspar
1005 2424 1320 2485 Barthius.
1406 2424 1567 2485 Nam
1596 2423 1849 2484 illorum
1878 2445 2029 2486 ver-

120 2545 308 2584 suum
350 2524 623 2605 scriptor
664 2531 758 2584 est
783 2522 1118 2584 Antonius
1169 2522 1505 2604 Thylesius
1519 2567 1543 2598 ,
1587 2523 1779 2584 Italus
1791 2567 1812 2601 ,
1858 2523 2028 2585 Con-

122 2624 359 2685 sentiae
415 2624 486 2683 in
540 2622 797 2683 Bruttiis
856 2622 1134 2702 equestri
1194 2623 1336 2684 loco
1393 2629 1576 2683 natus
1649 2629 1715 2684 et
1776 2624 2024 2684 saeculo

123 2722 298 2783 XVI.
353 2723 615 2784 ineunte
662 2723 743 2782 ab
786 2722 1141 2803 eloquentia
1192 2742 1265 2783 ac
1306 2722 1486 2804 poesi
1530 2723 1752 2783 clarus.
1839 2722 2025 2784 Hunc

121 2823 289 2884 illius
334 2824 416 2884 ‹le
460 2822 719 2904 Orpheo
763 2822 1073 2905 poematis
1111 2828 1434 2883 auctorem
1476 2841 1613 2884 esse
1657 2822 1866 2884 (locuit
1909 2823 2024 2882 Fr.

125 2922 435 2997 Daniele,
507 2922 695 3006 Regis
738 2922 1128 3003 Neapolitani
1170 2922 1722 3005 Historiographus
1781 2927 1847 2982 et
1891 2922 2027 2981 edi-

122 3029 224 3084 tor
290 3022 644 3085 carminum
706 3023 1255 3102 Thylesianorum.
1365 3020 1626 3105 Neapoli
1703 3022 1887 3084 1762.
1962 3023 2026 3082 8.

267 3254 358 3311 57)
404 3248 463 3301 ln
516 3255 751 3302 communi
801 3253 1011 3302 omnium
1061 3251 1163 3301 sere
1209 3248 1452 3301 hominum
1501 3251 1743 3300 doctorum
1792 3268 2026 3303 consensu

124 3322 185 3372 de
232 3324 393 3385 spuria
441 3342 666 3374 versuum
712 3327 911 3374 istorum
958 3325 1144 3386 origiue
1191 3340 1269 3373 me
1314 3322 1618 3373 vehementer
1655 3325 1824 3371 mirum
1862 3322 2028 3373 habuit

125 3394 252 3457 quod
289 3412 440 3458 nuper
472 3397 570 3461 legi
607 3398 834 3458 scriptum
870 3413 898 3444 a
936 3394 999 3446 G.
1031 3395 1090 3446 F.
1126 3392 1423 3445 Grotefeudo
1460 3397 1509 3443 iu
1534 3393 1719 3444 Erscbii
1753 3404 1801 3444 et
1821 3392 2027 3445 Gruberi

123 3464 388 3530 Encyclop.
417 3463 544 3516 Sed.
570 3466 632 3517 ΙΙ.
673 3466 813 3517 Tom.
841 3465 914 3518 X.
953 3486 1000 3531 p.
1029 3470 1150 3517 ⁴59.
1178 3466 1226 3516 b.
1299 3465 1350 3516 Is
1386 3485 1480 3515 non
1504 3476 1680 3515 tautum
1712 3465 1840 3515 istud
1858 3485 2027 3529 poema

126 3556 214 3600 pro
251 3540 456 3602 genuino
498 3537 653 3588 Gauii
691 3536 965 3589 Parmensis
1002 3556 1147 3602 opere
1182 3536 1352 3601 habet,
1403 3537 1488 3588 sed
1526 3538 1688 3601 plures
1719 3538 1851 3589 locos
1885 3540 2029 3589 etiam

126 3611 387 3670 inuitatione
420 3627 676 3675 expressos
705 3628 814 3662 me
850 3611 966 3662 dicit
998 3612 1060 3661 ab
1094 3610 1327 3662 Horatio!
