<?xml version="1.0" encoding="UTF-8"?>
<!DOCTYPE html PUBLIC "-//W3C//DTD XHTML 1.0 Transitional//EN"
    "http://www.w3.org/TR/xhtml1/DTD/xhtml1-transitional.dtd">
<html xmlns="http://www.w3.org/1999/xhtml" xml:lang="en" lang="en">
 <head>
  <title>
</title>
<meta http-equiv="Content-Type" content="text/html;charset=utf-8" />
  <meta name='ocr-system' content='tesseract 3.04.00' />
  <meta name='ocr-capabilities' content='ocr_page ocr_carea ocr_par ocr_line ocrx_word'/>
</head>
<body>
  <div class='ocr_page' id='page_1' title='image "./deluciivariietca00weicuoft_0219.png"; bbox 0 0 2236 3932; ppageno 0'>
   <div class='ocr_carea' id='block_1_1' title="bbox 671 181 2003 267">
    <p class='ocr_par' dir='ltr' id='par_1_1' title="bbox 671 181 2003 267">
     <span class='ocr_line' id='line_1_1' title="bbox 671 181 2003 267; baseline 0.011 -18"><span class='ocrx_word' id='word_1_1' title='bbox 671 209 753 250; x_wconf 77' lang='lat' dir='ltr'><strong>m:</strong></span> <span class='ocrx_word' id='word_1_2' title='bbox 797 210 1022 252; x_wconf 59' lang='lat' dir='ltr'><strong>cassro</strong></span> <span class='ocrx_word' id='word_1_3' title='bbox 1066 209 1429 254; x_wconf 69' lang='lat' dir='ltr'><strong>rAnMENsr.</strong></span> <span class='ocrx_word' id='word_1_4' title='bbox 1883 181 2003 267; x_wconf 65' lang='lat'><strong>201</strong></span> 
     </span>
    </p>
   </div>
   <div class='ocr_carea' id='block_1_2' title="bbox 106 342 2091 2993">
    <p class='ocr_par' dir='ltr' id='par_1_2' title="bbox 106 342 2091 2993">
     <span class='ocr_line' id='line_1_2' title="bbox 116 342 2012 430; baseline 0.002 -25"><span class='ocrx_word' id='word_1_5' title='bbox 116 352 215 405; x_wconf 86' lang='lat' dir='ltr'><strong>est</strong></span> <span class='ocrx_word' id='word_1_6' title='bbox 232 388 254 423; x_wconf 88' lang='lat'><strong><em>,</em></strong></span> <span class='ocrx_word' id='word_1_7' title='bbox 322 351 397 406; x_wconf 89' lang='lat' dir='ltr'><strong>ut</strong></span> <span class='ocrx_word' id='word_1_8' title='bbox 452 342 735 407; x_wconf 85' lang='lat' dir='ltr'><strong>Cassium</strong></span> <span class='ocrx_word' id='word_1_9' title='bbox 785 352 1130 409; x_wconf 79' lang='lat' dir='ltr'><strong>statuamus</strong></span> <span class='ocrx_word' id='word_1_10' title='bbox 1180 342 1311 430; x_wconf 76' lang='lat' dir='ltr'><strong>jam</strong></span> <span class='ocrx_word' id='word_1_11' title='bbox 1364 345 1481 407; x_wconf 86' lang='lat' dir='ltr'><strong>sub</strong></span> <span class='ocrx_word' id='word_1_12' title='bbox 1537 345 1816 429; x_wconf 87' lang='lat' dir='ltr'><strong>Augusto</strong></span> <span class='ocrx_word' id='word_1_13' title='bbox 1861 343 2012 408; x_wconf 81' lang='lat' dir='ltr'><strong>Cre-</strong></span> 
     </span>
     <span class='ocr_line' id='line_1_3' title="bbox 117 445 2013 527; baseline 0.001 -22"><span class='ocrx_word' id='word_1_14' title='bbox 117 453 248 505; x_wconf 88' lang='lat' dir='ltr'><strong>tam</strong></span> <span class='ocrx_word' id='word_1_15' title='bbox 304 451 618 521; x_wconf 88' lang='lat' dir='ltr'><strong>amotum,</strong></span> <span class='ocrx_word' id='word_1_16' title='bbox 688 465 999 525; x_wconf 84' lang='lat' dir='ltr'><strong>eumque,</strong></span> <span class='ocrx_word' id='word_1_17' title='bbox 1058 446 1359 527; x_wconf 82' lang='lat' dir='ltr'><strong>quoniam</strong></span> <span class='ocrx_word' id='word_1_18' title='bbox 1413 445 1540 506; x_wconf 86' lang='lat' dir='ltr'><strong>illic</strong></span> <span class='ocrx_word' id='word_1_19' title='bbox 1580 465 1715 507; x_wconf 90' lang='lat' dir='ltr'><strong>non</strong></span> <span class='ocrx_word' id='word_1_20' title='bbox 1754 465 2013 526; x_wconf 86' lang='lat' dir='ltr'><strong>compe-</strong></span> 
     </span>
     <span class='ocr_line' id='line_1_4' title="bbox 116 542 2013 628; baseline 0.001 -24"><span class='ocrx_word' id='word_1_21' title='bbox 116 550 319 605; x_wconf 82' lang='lat' dir='ltr'><strong>sceret</strong></span> <span class='ocrx_word' id='word_1_22' title='bbox 371 543 682 604; x_wconf 79' lang='lat' dir='ltr'><strong>mordacis</strong></span> <span class='ocrx_word' id='word_1_23' title='bbox 734 543 982 626; x_wconf 84' lang='lat' dir='ltr'><strong>linguae</strong></span> <span class='ocrx_word' id='word_1_24' title='bbox 1024 546 1432 627; x_wconf 81' lang='lat' dir='ltr'><strong>petulantiam</strong></span> <span class='ocrx_word' id='word_1_25' title='bbox 1446 589 1467 622; x_wconf 91' lang='lat'>‚</span> <span class='ocrx_word' id='word_1_26' title='bbox 1526 545 1816 628; x_wconf 82' lang='lat' dir='ltr'><strong>graviore</strong></span> <span class='ocrx_word' id='word_1_27' title='bbox 1859 542 2013 606; x_wconf 85' lang='lat' dir='ltr'><strong>affe-</strong></span> 
     </span>
     <span class='ocr_line' id='line_1_5' title="bbox 117 642 2013 733; baseline -0.001 -28"><span class='ocrx_word' id='word_1_28' title='bbox 117 650 291 705; x_wconf 89' lang='lat' dir='ltr'><strong>ctum</strong></span> <span class='ocrx_word' id='word_1_29' title='bbox 331 662 538 724; x_wconf 87' lang='lat' dir='ltr'><strong>poena</strong></span> <span class='ocrx_word' id='word_1_30' title='bbox 580 643 668 702; x_wconf 87' lang='lat' dir='ltr'><strong>ab.</strong></span> <span class='ocrx_word' id='word_1_31' title='bbox 690 642 952 705; x_wconf 88' lang='lat' dir='ltr'><strong>Tiberio</strong></span> <span class='ocrx_word' id='word_1_32' title='bbox 984 643 1225 728; x_wconf 85' lang='lat' dir='ltr'><strong>jussum</strong></span> <span class='ocrx_word' id='word_1_33' title='bbox 1266 665 1405 708; x_wconf 85' lang='lat' dir='ltr'><strong>esse</strong></span> <span class='ocrx_word' id='word_1_34' title='bbox 1430 645 1500 705; x_wconf 94' lang='lat' dir='ltr'><strong>in</strong></span> <span class='ocrx_word' id='word_1_35' title='bbox 1530 665 1688 706; x_wconf 85' lang='lat' dir='ltr'><strong>saxo</strong></span> <span class='ocrx_word' id='word_1_36' title='bbox 1708 642 2013 733; x_wconf 65' lang='lat' dir='ltr'><strong>&gt;Seriphio</strong></span> 
     </span>
     <span class='ocr_line' id='line_1_6' title="bbox 114 734 2015 828; baseline 0 -26"><span class='ocrx_word' id='word_1_37' title='bbox 114 742 392 822; x_wconf 86' lang='lat' dir='ltr'><strong>reliquos</strong></span> <span class='ocrx_word' id='word_1_38' title='bbox 434 742 602 803; x_wconf 83' lang='lat' dir='ltr'><strong>vitae</strong></span> <span class='ocrx_word' id='word_1_39' title='bbox 642 762 838 803; x_wconf 87' lang='lat' dir='ltr'><strong>annos</strong></span> <span class='ocrx_word' id='word_1_40' title='bbox 880 743 1147 806; x_wconf 84' lang='lat' dir='ltr'><strong>trahere.</strong></span> <span class='ocrx_word' id='word_1_41' title='bbox 1246 746 1456 828; x_wconf 84' lang='lat' dir='ltr'><strong>Atque</strong></span> <span class='ocrx_word' id='word_1_42' title='bbox 1509 744 1580 805; x_wconf 92' lang='lat' dir='ltr'><strong>in</strong></span> <span class='ocrx_word' id='word_1_43' title='bbox 1621 744 1741 805; x_wconf 86' lang='lat' dir='ltr'><strong>hac</strong></span> <span class='ocrx_word' id='word_1_44' title='bbox 1783 734 2015 826; x_wconf 83' lang='lat' dir='ltr'><strong>exigua</strong></span> 
     </span>
     <span class='ocr_line' id='line_1_7' title="bbox 113 840 2016 922; baseline -0.001 -19"><span class='ocrx_word' id='word_1_45' title='bbox 113 860 465 922; x_wconf 86' lang='lat' dir='ltr'><strong>asperaque</strong></span> <span class='ocrx_word' id='word_1_46' title='bbox 524 840 868 919; x_wconf 82' lang='lat' dir='ltr'><strong>Cycladum</strong></span> <span class='ocrx_word' id='word_1_47' title='bbox 937 844 1139 906; x_wconf 88' lang='lat' dir='ltr'><strong>insula</strong></span> <span class='ocrx_word' id='word_1_48' title='bbox 1207 845 1535 908; x_wconf 88' lang='lat' dir='ltr'><strong>consenuit</strong></span> <span class='ocrx_word' id='word_1_49' title='bbox 1592 850 1663 907; x_wconf 85' lang='lat' dir='ltr'><strong>et·</strong></span> <span class='ocrx_word' id='word_1_50' title='bbox 1723 848 2016 904; x_wconf 83' lang='lat' dir='ltr'><strong>mortuus</strong></span> 
     </span>
     <span class='ocr_line' id='line_1_8' title="bbox 115 941 2017 1022; baseline 0.003 -21"><span class='ocrx_word' id='word_1_51' title='bbox 115 947 244 1018; x_wconf 85' lang='lat' dir='ltr'><strong>est,</strong></span> <span class='ocrx_word' id='word_1_52' title='bbox 288 947 451 1002; x_wconf 85' lang='lat' dir='ltr'><strong>teste</strong></span> <span class='ocrx_word' id='word_1_53' title='bbox 493 941 884 1022; x_wconf 85' lang='lat' dir='ltr'><strong>Hieronymo</strong></span> <span class='ocrx_word' id='word_1_54' title='bbox 926 944 994 1004; x_wconf 92' lang='lat' dir='ltr'><strong>in</strong></span> <span class='ocrx_word' id='word_1_55' title='bbox 1035 943 1293 1006; x_wconf 87' lang='lat' dir='ltr'><strong>Eusehii</strong></span> <span class='ocrx_word' id='word_1_56' title='bbox 1323 945 1617 1007; x_wconf 87' lang='lat' dir='ltr'><strong>Chronic.</strong></span> <span class='ocrx_word' id='word_1_57' title='bbox 1661 944 1742 1005; x_wconf 91' lang='lat' dir='ltr'><strong>ad</strong></span> <span class='ocrx_word' id='word_1_58' title='bbox 1783 961 2017 1006; x_wconf 87' lang='lat' dir='ltr'><strong>annum</strong></span> 
     </span>
     <span class='ocr_line' id='line_1_9' title="bbox 112 1040 2019 1124; baseline 0 -23"><span class='ocrx_word' id='word_1_59' title='bbox 112 1040 372 1101; x_wconf 87' lang='lat' dir='ltr'><strong>Domini</strong></span> <span class='ocrx_word' id='word_1_60' title='bbox 410 1040 710 1101; x_wconf 91' lang='lat' dir='ltr'><strong>XXXIII.</strong></span> <span class='ocrx_word' id='word_1_61' title='bbox 769 1065 834 1124; x_wconf 89' lang='lat' dir='ltr'><strong>p.</strong></span> <span class='ocrx_word' id='word_1_62' title='bbox 885 1044 1027 1105; x_wconf 87' lang='lat'>158.</span> <span class='ocrx_word' id='word_1_63' title='bbox 1113 1043 1432 1122; x_wconf 71' lang='lat' dir='ltr'><strong>„Cassius</strong></span> <span class='ocrx_word' id='word_1_64' title='bbox 1478 1047 1752 1104; x_wconf 74' lang='lat' dir='ltr'><strong>Severus</strong></span> <span class='ocrx_word' id='word_1_65' title='bbox 1793 1051 2019 1103; x_wconf 80' lang='lat' dir='ltr'><strong>orator</strong></span> 
     </span>
     <span class='ocr_line' id='line_1_10' title="bbox 115 1138 2017 1225; baseline 0.001 -26"><span class='ocrx_word' id='word_1_66' title='bbox 115 1138 412 1218; x_wconf 73' lang='lat' dir='ltr'><strong>egregius</strong></span> <span class='ocrx_word' id='word_1_67' title='bbox 423 1183 447 1215; x_wconf 86' lang='lat'><em>,</em></span> <span class='ocrx_word' id='word_1_68' title='bbox 493 1140 610 1222; x_wconf 74' lang='lat' dir='ltr'><strong>qui</strong></span> <span class='ocrx_word' id='word_1_69' title='bbox 642 1141 1071 1221; x_wconf 77' lang='lat' dir='ltr'><strong>Quintianum</strong></span> <span class='ocrx_word' id='word_1_70' title='bbox 1110 1144 1281 1205; x_wconf 76' lang='lat' dir='ltr'><strong>illud</strong></span> <span class='ocrx_word' id='word_1_71' title='bbox 1295 1143 1721 1225; x_wconf 75' lang='lat' dir='ltr'><strong>proverbium</strong></span> <span class='ocrx_word' id='word_1_72' title='bbox 1747 1143 2017 1216; x_wconf 72' lang='lat' dir='ltr'><strong>luserat,</strong></span> 
     </span>
     <span class='ocr_line' id='line_1_11' title="bbox 114 1238 2019 1325; baseline 0.001 -27"><span class='ocrx_word' id='word_1_73' title='bbox 114 1238 316 1300; x_wconf 85' lang='lat' dir='ltr'><strong>XXV.</strong></span> <span class='ocrx_word' id='word_1_74' title='bbox 374 1239 561 1300; x_wconf 74' lang='lat' dir='ltr'><strong>exilii</strong></span> <span class='ocrx_word' id='word_1_75' title='bbox 608 1240 719 1302; x_wconf 71' lang='lat' dir='ltr'><strong>sui</strong></span> <span class='ocrx_word' id='word_1_76' title='bbox 770 1263 948 1303; x_wconf 77' lang='lat' dir='ltr'><strong>anno</strong></span> <span class='ocrx_word' id='word_1_77' title='bbox 1000 1242 1076 1304; x_wconf 82' lang='lat' dir='ltr'><strong>in</strong></span> <span class='ocrx_word' id='word_1_78' title='bbox 1131 1264 1389 1304; x_wconf 69' lang='lat' dir='ltr'><strong>sumum</strong></span> <span class='ocrx_word' id='word_1_79' title='bbox 1443 1241 1677 1325; x_wconf 76' lang='lat' dir='ltr'><strong>inopia</strong></span> <span class='ocrx_word' id='word_1_80' title='bbox 1718 1239 2019 1315; x_wconf 76' lang='lat' dir='ltr'><strong>moritur,</strong></span> 
     </span>
     <span class='ocr_line' id='line_1_12' title="bbox 115 1336 2020 1421; baseline 0.002 -24"><span class='ocrx_word' id='word_1_81' title='bbox 115 1336 233 1398; x_wconf 69' lang='lat' dir='ltr'><strong>vix</strong></span> <span class='ocrx_word' id='word_1_82' title='bbox 264 1360 498 1421; x_wconf 79' lang='lat' dir='ltr'><strong>panno</strong></span> <span class='ocrx_word' id='word_1_83' title='bbox 540 1343 828 1402; x_wconf 81' lang='lat' dir='ltr'><strong>verenda</strong></span> <span class='ocrx_word' id='word_1_84' title='bbox 867 1346 1261 1403; x_wconf 73' lang='lat' dir='ltr'><strong>contectus.“</strong></span> <span class='ocrx_word' id='word_1_85' title='bbox 1343 1342 1567 1403; x_wconf 86' lang='lat' dir='ltr'><strong>Annus</strong></span> <span class='ocrx_word' id='word_1_86' title='bbox 1608 1340 1865 1403; x_wconf 88' lang='lat' dir='ltr'><strong>Domini</strong></span> <span class='ocrx_word' id='word_1_87' title='bbox 1906 1339 2020 1401; x_wconf 86' lang='lat' dir='ltr'><strong>tri-</strong></span> 
     </span>
     <span class='ocr_line' id='line_1_13' title="bbox 115 1438 2023 1519; baseline -0.001 -20"><span class='ocrx_word' id='word_1_88' title='bbox 115 1438 392 1519; x_wconf 87' lang='lat' dir='ltr'><strong>gesimus</strong></span> <span class='ocrx_word' id='word_1_89' title='bbox 446 1441 668 1501; x_wconf 84' lang='lat' dir='ltr'><strong>tertius</strong></span> <span class='ocrx_word' id='word_1_90' title='bbox 724 1447 822 1503; x_wconf 86' lang='lat' dir='ltr'><strong>est</strong></span> <span class='ocrx_word' id='word_1_91' title='bbox 878 1443 958 1502; x_wconf 91' lang='lat' dir='ltr'><strong>ab</strong></span> <span class='ocrx_word' id='word_1_92' title='bbox 1008 1441 1179 1501; x_wconf 87' lang='lat' dir='ltr'><strong>Urbe</strong></span> <span class='ocrx_word' id='word_1_93' title='bbox 1222 1441 1477 1503; x_wconf 88' lang='lat' dir='ltr'><strong>condita</strong></span> <span class='ocrx_word' id='word_1_94' title='bbox 1518 1461 1720 1502; x_wconf 88' lang='lat' dir='ltr'><strong>annus</strong></span> <span class='ocrx_word' id='word_1_95' title='bbox 1762 1442 1804 1500; x_wconf 87' lang='lat'>7</span> <span class='ocrx_word' id='word_1_96' title='bbox 1806 1441 1911 1501; x_wconf 82' lang='lat'><strong>86.</strong></span> <span class='ocrx_word' id='word_1_97' title='bbox 1950 1443 2023 1505; x_wconf 92' lang='lat' dir='ltr'><strong>et</strong></span> 
     </span>
     <span class='ocr_line' id='line_1_14' title="bbox 117 1537 2022 1623; baseline 0.001 -26"><span class='ocrx_word' id='word_1_98' title='bbox 117 1537 361 1599; x_wconf 89' lang='lat' dir='ltr'><strong>Tiberii</strong></span> <span class='ocrx_word' id='word_1_99' title='bbox 401 1539 767 1620; x_wconf 83' lang='lat' dir='ltr'><strong>imperantis</strong></span> <span class='ocrx_word' id='word_1_100' title='bbox 794 1540 1136 1623; x_wconf 80' lang='lat' dir='ltr'><strong>vigesimus</strong></span> <span class='ocrx_word' id='word_1_101' title='bbox 1151 1539 1250 1619; x_wconf 85' lang='lat'><strong>¹²).</strong></span> <span class='ocrx_word' id='word_1_102' title='bbox 1335 1541 1611 1613; x_wconf 85' lang='lat' dir='ltr'><strong>Proinde</strong></span> <span class='ocrx_word' id='word_1_103' title='bbox 1636 1540 1801 1600; x_wconf 87' lang='lat' dir='ltr'><strong>facta</strong></span> <span class='ocrx_word' id='word_1_104' title='bbox 1843 1559 2022 1599; x_wconf 88' lang='lat' dir='ltr'><strong>com-</strong></span> 
     </span>
     <span class='ocr_line' id='line_1_15' title="bbox 113 1635 2024 1720; baseline 0.001 -24"><span class='ocrx_word' id='word_1_105' title='bbox 113 1637 439 1717; x_wconf 88' lang='lat' dir='ltr'><strong>putatione</strong></span> <span class='ocrx_word' id='word_1_106' title='bbox 483 1638 801 1718; x_wconf 83' lang='lat' dir='ltr'><strong>sequitur,</strong></span> <span class='ocrx_word' id='word_1_107' title='bbox 860 1638 1138 1700; x_wconf 86' lang='lat' dir='ltr'><strong>Cassium</strong></span> <span class='ocrx_word' id='word_1_108' title='bbox 1181 1639 1495 1702; x_wconf 86' lang='lat' dir='ltr'><strong>Severum</strong></span> <span class='ocrx_word' id='word_1_109' title='bbox 1508 1685 1530 1718; x_wconf 85' lang='lat'>‚</span> <span class='ocrx_word' id='word_1_110' title='bbox 1602 1639 1877 1701; x_wconf 81' lang='lat' dir='ltr'><strong>Senatus</strong></span> <span class='ocrx_word' id='word_1_111' title='bbox 1918 1635 2024 1720; x_wconf 83' lang='lat' dir='ltr'><strong>ju-</strong></span> 
     </span>
     <span class='ocr_line' id='line_1_16' title="bbox 113 1735 2022 1815; baseline 0.002 -19"><span class='ocrx_word' id='word_1_112' title='bbox 113 1735 280 1798; x_wconf 90' lang='lat' dir='ltr'><strong>dicio</strong></span> <span class='ocrx_word' id='word_1_113' title='bbox 337 1737 740 1815; x_wconf 84' lang='lat' dir='ltr'><strong>damnatum,</strong></span> <span class='ocrx_word' id='word_1_114' title='bbox 802 1738 873 1798; x_wconf 91' lang='lat' dir='ltr'><strong>in</strong></span> <span class='ocrx_word' id='word_1_115' title='bbox 933 1737 1188 1799; x_wconf 88' lang='lat' dir='ltr'><strong>Cretam</strong></span> <span class='ocrx_word' id='word_1_116' title='bbox 1245 1740 1471 1801; x_wconf 88' lang='lat' dir='ltr'><strong>abiisse</strong></span> <span class='ocrx_word' id='word_1_117' title='bbox 1528 1759 1588 1801; x_wconf 89' lang='lat' dir='ltr'><strong>a.</strong></span> <span class='ocrx_word' id='word_1_118' title='bbox 1632 1741 1708 1801; x_wconf 92' lang='lat' dir='ltr'><strong>U.</strong></span> <span class='ocrx_word' id='word_1_119' title='bbox 1760 1738 1830 1801; x_wconf 85' lang='lat' dir='ltr'><strong>G.</strong></span> <span class='ocrx_word' id='word_1_120' title='bbox 1871 1739 2022 1800; x_wconf 87' lang='grc'><strong>761.</strong></span> 
     </span>
     <span class='ocr_line' id='line_1_17' title="bbox 114 1835 2023 1919; baseline 0.002 -23"><span class='ocrx_word' id='word_1_121' title='bbox 114 1835 158 1896; x_wconf 87' lang='lat' dir='ltr'><strong>i.</strong></span> <span class='ocrx_word' id='word_1_122' title='bbox 188 1857 245 1896; x_wconf 90' lang='lat' dir='ltr'><strong>e.</strong></span> <span class='ocrx_word' id='word_1_123' title='bbox 290 1856 460 1898; x_wconf 92' lang='lat' dir='ltr'><strong>anno</strong></span> <span class='ocrx_word' id='word_1_124' title='bbox 502 1840 676 1918; x_wconf 89' lang='lat' dir='ltr'><strong>prius</strong></span> <span class='ocrx_word' id='word_1_125' title='bbox 722 1858 918 1919; x_wconf 81' lang='lat' dir='ltr'><strong>quam</strong></span> <span class='ocrx_word' id='word_1_126' title='bbox 958 1839 1029 1900; x_wconf 91' lang='lat' dir='ltr'><strong>P.</strong></span> <span class='ocrx_word' id='word_1_127' title='bbox 1058 1837 1321 1901; x_wconf 88' lang='lat' dir='ltr'><strong>Ovidius</strong></span> <span class='ocrx_word' id='word_1_128' title='bbox 1362 1839 1527 1900; x_wconf 86' lang='lat' dir='ltr'><strong>Naso</strong></span> <span class='ocrx_word' id='word_1_129' title='bbox 1573 1838 1813 1901; x_wconf 88' lang='lat' dir='ltr'><strong>Tomos</strong></span> <span class='ocrx_word' id='word_1_130' title='bbox 1855 1838 2023 1900; x_wconf 90' lang='lat' dir='ltr'><strong>rele-</strong></span> 
     </span>
     <span class='ocr_line' id='line_1_18' title="bbox 114 1937 2091 2019; baseline 0.002 -24"><span class='ocrx_word' id='word_1_131' title='bbox 114 1942 387 2018; x_wconf 87' lang='lat' dir='ltr'><strong>garetur.</strong></span> <span class='ocrx_word' id='word_1_132' title='bbox 470 1938 557 1997; x_wconf 83' lang='lat' dir='ltr'><strong>At</strong></span> <span class='ocrx_word' id='word_1_133' title='bbox 571 1980 591 2014; x_wconf 91' lang='lat'>‚</span> <span class='ocrx_word' id='word_1_134' title='bbox 649 1958 732 1998; x_wconf 90' lang='lat' dir='ltr'><strong>ne</strong></span> <span class='ocrx_word' id='word_1_135' title='bbox 776 1938 930 2019; x_wconf 88' lang='lat' dir='ltr'><strong>quid</strong></span> <span class='ocrx_word' id='word_1_136' title='bbox 975 1939 1366 2001; x_wconf 86' lang='lat' dir='ltr'><strong>dissimulem</strong></span> <span class='ocrx_word' id='word_1_137' title='bbox 1380 1983 1401 2016; x_wconf 91' lang='lat'><strong><em>,</em></strong></span> <span class='ocrx_word' id='word_1_138' title='bbox 1458 1938 1608 2000; x_wconf 89' lang='lat' dir='ltr'><strong>huic</strong></span> <span class='ocrx_word' id='word_1_139' title='bbox 1649 1938 1877 2000; x_wconf 89' lang='lat' dir='ltr'><strong>rationi</strong></span> <span class='ocrx_word' id='word_1_140' title='bbox 1908 1937 2024 1998; x_wconf 85' lang='lat' dir='ltr'><strong>ad·</strong></span> <span class='ocrx_word' id='word_1_141' title='bbox 2087 1939 2091 1957; x_wconf 71' lang='lat'>⁸</span> 
     </span>
     <span class='ocr_line' id='line_1_19' title="bbox 114 2035 2023 2120; baseline 0.002 -24"><span class='ocrx_word' id='word_1_142' title='bbox 114 2036 356 2096; x_wconf 79' lang='lat' dir='ltr'><strong>versari</strong></span> <span class='ocrx_word' id='word_1_143' title='bbox 396 2035 651 2098; x_wconf 86' lang='lat' dir='ltr'><strong>videtur</strong></span> <span class='ocrx_word' id='word_1_144' title='bbox 689 2038 1058 2100; x_wconf 87' lang='lat' dir='ltr'><strong>Plutarchus</strong></span> <span class='ocrx_word' id='word_1_145' title='bbox 1074 2083 1095 2115; x_wconf 83' lang='lat'>‚</span> <span class='ocrx_word' id='word_1_146' title='bbox 1139 2039 1250 2120; x_wconf 90' lang='lat' dir='ltr'><strong>qui</strong></span> <span class='ocrx_word' id='word_1_147' title='bbox 1294 2041 1376 2101; x_wconf 90' lang='lat' dir='ltr'><strong>de</strong></span> <span class='ocrx_word' id='word_1_148' title='bbox 1416 2039 1619 2100; x_wconf 87' lang='lat' dir='ltr'><strong>Discr.</strong></span> <span class='ocrx_word' id='word_1_149' title='bbox 1665 2037 2023 2099; x_wconf 87' lang='lat' dir='ltr'><strong>Adulatoris</strong></span> 
     </span>
     <span class='ocr_line' id='line_1_20' title="bbox 113 2135 2023 2220; baseline 0.001 -25"><span class='ocrx_word' id='word_1_150' title='bbox 113 2141 182 2195; x_wconf 87' lang='lat' dir='ltr'><strong>et</strong></span> <span class='ocrx_word' id='word_1_151' title='bbox 234 2135 443 2197; x_wconf 82' lang='lat' dir='ltr'><strong>Amici</strong></span> <span class='ocrx_word' id='word_1_152' title='bbox 500 2136 689 2198; x_wconf 91' lang='lat' dir='ltr'><strong>Tom.</strong></span> <span class='ocrx_word' id='word_1_153' title='bbox 721 2137 834 2198; x_wconf 88' lang='lat' dir='ltr'><strong>VI.</strong></span> <span class='ocrx_word' id='word_1_154' title='bbox 876 2160 939 2220; x_wconf 89' lang='lat' dir='ltr'><strong>p.</strong></span> <span class='ocrx_word' id='word_1_155' title='bbox 980 2140 1127 2200; x_wconf 88' lang='lat'><strong>221.</strong></span> <span class='ocrx_word' id='word_1_156' title='bbox 1173 2159 1269 2220; x_wconf 84' lang='lat' dir='ltr'><strong>sq.</strong></span> <span class='ocrx_word' id='word_1_157' title='bbox 1313 2140 1392 2201; x_wconf 91' lang='lat' dir='ltr'><strong>R.</strong></span> <span class='ocrx_word' id='word_1_158' title='bbox 1445 2145 1698 2199; x_wconf 79' lang='lat' dir='ltr'><strong>narrat:</strong></span> <span class='ocrx_word' id='word_1_159' title='bbox 1761 2137 2023 2214; x_wconf 78' lang='grc' dir='ltr'><em>Τιβερίου</em></span> 
     </span>
     <span class='ocr_line' id='line_1_21' title="bbox 113 2227 2023 2309; baseline 0.002 -24"><span class='ocrx_word' id='word_1_160' title='bbox 113 2230 178 2286; x_wconf 77' lang='grc' dir='ltr'><strong>δὲ</strong></span> <span class='ocrx_word' id='word_1_161' title='bbox 223 2231 514 2306; x_wconf 82' lang='grc' dir='ltr'><strong><em>Καίσαρος</em></strong></span> <span class='ocrx_word' id='word_1_162' title='bbox 559 2229 638 2299; x_wconf 82' lang='grc' dir='ltr'><strong><em>εἷς</em></strong></span> <span class='ocrx_word' id='word_1_163' title='bbox 682 2231 782 2308; x_wconf 82' lang='grc' dir='ltr'><strong>τὴν</strong></span> <span class='ocrx_word' id='word_1_164' title='bbox 829 2235 1125 2308; x_wconf 78' lang='grc' dir='ltr'><strong><em>σύγκλητόν</em></strong></span> <span class='ocrx_word' id='word_1_165' title='bbox 1159 2257 1299 2292; x_wconf 87' lang='grc' dir='ltr'><strong><em>ποτε</em></strong></span> <span class='ocrx_word' id='word_1_166' title='bbox 1335 2235 1747 2309; x_wconf 78' lang='grc' dir='ltr'><strong><em>παρελθόντος,</em></strong></span> <span class='ocrx_word' id='word_1_167' title='bbox 1799 2227 1879 2300; x_wconf 86' lang='grc' dir='ltr'><strong><em>εἷς</em></strong></span> <span class='ocrx_word' id='word_1_168' title='bbox 1913 2236 2023 2288; x_wconf 80' lang='grc' dir='ltr'><strong><em>τῶν</em></strong></span> 
     </span>
     <span class='ocr_line' id='line_1_22' title="bbox 113 2312 2024 2396; baseline 0.002 -26"><span class='ocrx_word' id='word_1_169' title='bbox 113 2312 419 2372; x_wconf 79' lang='grc' dir='ltr'><strong><em>κολάκων’</em></strong></span> <span class='ocrx_word' id='word_1_170' title='bbox 385 2318 625 2384; x_wconf 84' lang='grc' dir='ltr'><strong><em>αναστὰς</em></strong></span> <span class='ocrx_word' id='word_1_171' title='bbox 658 2316 785 2392; x_wconf 78' lang='grc' dir='ltr'><strong><em>ἔφη,</em></strong></span> <span class='ocrx_word' id='word_1_172' title='bbox 823 2322 960 2377; x_wconf 87' lang='grc' dir='ltr'><strong><em>Δεῖν</em></strong></span> <span class='ocrx_word' id='word_1_173' title='bbox 980 2316 1362 2395; x_wconf 62' lang='grc' dir='ltr'><strong>ἐλευθέρους3</strong></span> <span class='ocrx_word' id='word_1_174' title='bbox 1340 2317 1501 2387; x_wconf 88' lang='grc' dir='ltr'><strong><em>όντας</em></strong></span> <span class='ocrx_word' id='word_1_175' title='bbox 1530 2318 2024 2396; x_wconf 68' lang='grc' dir='ltr'><strong><em>παρρησιάζεσθαι</em></strong></span> 
     </span>
     <span class='ocr_line' id='line_1_23' title="bbox 114 2398 2020 2481; baseline 0.002 -25"><span class='ocrx_word' id='word_1_176' title='bbox 114 2401 208 2456; x_wconf 83' lang='grc' dir='ltr'><strong>καὶ</strong></span> <span class='ocrx_word' id='word_1_177' title='bbox 244 2403 417 2475; x_wconf 78' lang='grc' dir='ltr'><strong><em>μηδὲν</em></strong></span> <span class='ocrx_word' id='word_1_178' title='bbox 451 2398 901 2460; x_wconf 71' lang='grc' dir='ltr'><strong><em>ὑποστέλλεσθαι</em></strong></span> <span class='ocrx_word' id='word_1_179' title='bbox 933 2403 1063 2480; x_wconf 77' lang='grc' dir='ltr'><strong>μηδ’</strong></span> <span class='ocrx_word' id='word_1_180' title='bbox 1104 2402 1445 2481; x_wconf 80' lang='grc' dir='ltr'><strong><em>ἆποσιωπᾷν</em></strong></span> <span class='ocrx_word' id='word_1_181' title='bbox 1473 2408 1583 2461; x_wconf 80' lang='grc' dir='ltr'><strong>τῶν</strong></span> <span class='ocrx_word' id='word_1_182' title='bbox 1607 2400 2020 2480; x_wconf 79' lang='grc' dir='ltr'><strong><em>συμφερόντων.</em></strong></span> 
     </span>
     <span class='ocr_line' id='line_1_24' title="bbox 106 2480 2024 2567; baseline 0.005 -27"><span class='ocrx_word' id='word_1_183' title='bbox 106 2480 423 2553; x_wconf 78' lang='grc' dir='ltr'><strong><em>,Ἀνατείνας</em></strong></span> <span class='ocrx_word' id='word_1_184' title='bbox 470 2489 533 2544; x_wconf 77' lang='grc' dir='ltr'><strong>δὲ</strong></span> <span class='ocrx_word' id='word_1_185' title='bbox 581 2487 792 2555; x_wconf 77' lang='grc' dir='ltr'><strong><em>πάντας</em></strong></span> <span class='ocrx_word' id='word_1_186' title='bbox 841 2488 1053 2557; x_wconf 79' lang='grc' dir='ltr'><strong><em>οὕτως,</em></strong></span> <span class='ocrx_word' id='word_1_187' title='bbox 1107 2494 1391 2567; x_wconf 73' lang='grc' dir='ltr'><strong><em>γενομένης</em></strong></span> <span class='ocrx_word' id='word_1_188' title='bbox 1438 2488 1586 2565; x_wconf 78' lang='grc' dir='ltr'><strong><em>αὐτῷ</em></strong></span> <span class='ocrx_word' id='word_1_189' title='bbox 1623 2493 1868 2565; x_wconf 79' lang='grc' dir='ltr'><strong><em>σιωπῆς,</em></strong></span> <span class='ocrx_word' id='word_1_190' title='bbox 1930 2488 2024 2549; x_wconf 72' lang='grc' dir='ltr'><strong>καὶ</strong></span> 
     </span>
     <span class='ocr_line' id='line_1_25' title="bbox 113 2571 2024 2652; baseline 0.002 -25"><span class='ocrx_word' id='word_1_191' title='bbox 113 2574 214 2627; x_wconf 81' lang='grc' dir='ltr'><strong>τοῦ</strong></span> <span class='ocrx_word' id='word_1_192' title='bbox 270 2571 529 2644; x_wconf 78' lang='grc' dir='ltr'><strong><em>Τιβερίου</em></strong></span> <span class='ocrx_word' id='word_1_193' title='bbox 580 2574 974 2647; x_wconf 83' lang='grc' dir='ltr'><strong><em>προςέχοντος,</em></strong></span> <span class='ocrx_word' id='word_1_194' title='bbox 1011 2571 1313 2642; x_wconf 82' lang='grc' dir='ltr'><strong><em>Ἀκουσον,</em></strong></span> <span class='ocrx_word' id='word_1_195' title='bbox 1366 2577 1503 2652; x_wconf 79' lang='grc' dir='ltr'><strong><em>ἔφη,</em></strong></span> <span class='ocrx_word' id='word_1_196' title='bbox 1558 2581 1816 2651; x_wconf 84' lang='grc' dir='ltr'><strong><em>Καῖσαρ,</em></strong></span> <span class='ocrx_word' id='word_1_197' title='bbox 1857 2573 1895 2631; x_wconf 79' lang='grc' dir='ltr'>ἅ</span> <span class='ocrx_word' id='word_1_198' title='bbox 1931 2594 2024 2632; x_wconf 86' lang='grc' dir='ltr'><strong>σοι</strong></span> 
     </span>
     <span class='ocr_line' id='line_1_26' title="bbox 115 2656 2023 2739; baseline 0.003 -27"><span class='ocrx_word' id='word_1_199' title='bbox 115 2657 321 2723; x_wconf 79' lang='grc' dir='ltr'><strong><em>πάντες</em></strong></span> <span class='ocrx_word' id='word_1_200' title='bbox 367 2657 726 2730; x_wconf 73' lang='grc' dir='ltr'><strong><em>ἐγκαλοῦμεν,</em></strong></span> <span class='ocrx_word' id='word_1_201' title='bbox 779 2656 963 2728; x_wconf 79' lang='grc' dir='ltr'><strong><em>οὐδεὶς</em></strong></span> <span class='ocrx_word' id='word_1_202' title='bbox 1011 2662 1074 2719; x_wconf 78' lang='grc' dir='ltr'><strong>δὲ</strong></span> <span class='ocrx_word' id='word_1_203' title='bbox 1124 2665 1302 2738; x_wconf 75' lang='grc' dir='ltr'><strong><em>τολμᾷ</em></strong></span> <span class='ocrx_word' id='word_1_204' title='bbox 1340 2667 1593 2739; x_wconf 80' lang='grc' dir='ltr'><strong><em>φανερῶς</em></strong></span> <span class='ocrx_word' id='word_1_205' title='bbox 1627 2662 1835 2736; x_wconf 77' lang='grc' dir='ltr'><strong><em>λέγειν·</em></strong></span> <span class='ocrx_word' id='word_1_206' title='bbox 1883 2656 2023 2732; x_wconf 79' lang='grc' dir='ltr'><strong><em>ἆμε-</em></strong></span> 
     </span>
     <span class='ocr_line' id='line_1_27' title="bbox 112 2743 2021 2852; baseline 0.003 -55"><span class='ocrx_word' id='word_1_207' title='bbox 112 2743 229 2808; x_wconf 68' lang='grc' dir='ltr'><strong>λᾶἷς</strong></span> <span class='ocrx_word' id='word_1_208' title='bbox 266 2747 502 2799; x_wconf 75' lang='grc' dir='ltr'><strong>σεαυτοῦ</strong></span> <span class='ocrx_word' id='word_1_209' title='bbox 535 2765 630 2800; x_wconf 71' lang='lat' dir='ltr'><strong>xm.</strong></span> <span class='ocrx_word' id='word_1_210' title='bbox 666 2744 930 2820; x_wconf 72' lang='grc' dir='ltr'><strong><em>προΐεσαι</em></strong></span> <span class='ocrx_word' id='word_1_211' title='bbox 966 2768 1031 2803; x_wconf 75' lang='lat' dir='ltr'><strong>‘to</strong></span> <span class='ocrx_word' id='word_1_212' title='bbox 1067 2752 1225 2818; x_wconf 76' lang='grc' dir='ltr'><strong>σῶμα</strong></span> <span class='ocrx_word' id='word_1_213' title='bbox 1253 2748 1344 2804; x_wconf 68' lang='grc' dir='ltr'><strong>καὶ</strong></span> <span class='ocrx_word' id='word_1_214' title='bbox 1356 2744 1724 2852; x_wconf 70' lang='grc' dir='ltr'><strong>κατατρύχεις</strong></span> <span class='ocrx_word' id='word_1_215' title='bbox 1740 2743 1829 2804; x_wconf 68' lang='grc' dir='ltr'><strong>ἄδι</strong></span> <span class='ocrx_word' id='word_1_216' title='bbox 1848 2768 2021 2822; x_wconf 54' lang='grc' dir='ltr'><strong>φρομὁ</strong></span> 
     </span>
     <span class='ocr_line' id='line_1_28' title="bbox 112 2826 2021 2909; baseline 0.003 -26"><span class='ocrx_word' id='word_1_217' title='bbox 112 2826 229 2883; x_wconf 80' lang='grc' dir='ltr'><strong><em>τίσι</em></strong></span> <span class='ocrx_word' id='word_1_218' title='bbox 279 2828 373 2884; x_wconf 83' lang='grc' dir='ltr'><strong>καὶ</strong></span> <span class='ocrx_word' id='word_1_219' title='bbox 423 2829 619 2897; x_wconf 83' lang='grc' dir='ltr'><strong><em>πόνοις</em></strong></span> <span class='ocrx_word' id='word_1_220' title='bbox 666 2826 810 2903; x_wconf 77' lang='grc' dir='ltr'><strong><em>ὑπὲρ</em></strong></span> <span class='ocrx_word' id='word_1_221' title='bbox 847 2827 1027 2906; x_wconf 83' lang='grc' dir='ltr'><strong><em>ἡμῶν,</em></strong></span> <span class='ocrx_word' id='word_1_222' title='bbox 1082 2833 1206 2890; x_wconf 81' lang='grc' dir='ltr'><strong><em>οὔτε</em></strong></span> <span class='ocrx_word' id='word_1_223' title='bbox 1241 2830 1372 2904; x_wconf 70' lang='grc' dir='ltr'><strong><em>μεθ’</em></strong></span> <span class='ocrx_word' id='word_1_224' title='bbox 1410 2829 1620 2909; x_wconf 84' lang='grc' dir='ltr'><strong><em>ἡμέραν</em></strong></span> <span class='ocrx_word' id='word_1_225' title='bbox 1656 2828 1782 2890; x_wconf 73' lang='grc' dir='ltr'><strong><em>σ”ύτε</em></strong></span> <span class='ocrx_word' id='word_1_226' title='bbox 1814 2833 2021 2907; x_wconf 84' lang='grc' dir='ltr'><strong><em>νύκτωρ</em></strong></span> 
     </span>
     <span class='ocr_line' id='line_1_29' title="bbox 115 2908 2024 2993; baseline 0.006 -26"><span class='ocrx_word' id='word_1_227' title='bbox 115 2908 555 2985; x_wconf 76' lang='grc' dir='ltr'><strong><em>ἀναπαυόμενος.</em></strong></span> <span class='ocrx_word' id='word_1_228' title='bbox 643 2916 841 2972; x_wconf 81' lang='grc' dir='ltr'><strong><em>Πολλὰ</em></strong></span> <span class='ocrx_word' id='word_1_229' title='bbox 878 2913 926 2974; x_wconf 74' lang='grc' dir='ltr'><strong>δ’</strong></span> <span class='ocrx_word' id='word_1_230' title='bbox 965 2913 1134 2974; x_wconf 77' lang='grc' dir='ltr'><strong><em>αὐτοῦ</em></strong></span> <span class='ocrx_word' id='word_1_231' title='bbox 1166 2922 1394 2975; x_wconf 82' lang='grc' dir='ltr'><strong><em>τοιαῦτα</em></strong></span> <span class='ocrx_word' id='word_1_232' title='bbox 1430 2917 1805 2993; x_wconf 78' lang='grc' dir='ltr'><strong><em>συνείροντος,</em></strong></span> <span class='ocrx_word' id='word_1_233' title='bbox 1845 2917 2024 2979; x_wconf 66' lang='grc' dir='ltr'><strong><em>εἰπεῖν</em></strong></span> 
     </span>
    </p>
   </div>
   <div class='ocr_carea' id='block_1_3' title="bbox 115 3000 2023 3162">
    <p class='ocr_par' dir='ltr' id='par_1_3' title="bbox 115 3000 2023 3162">
     <span class='ocr_line' id='line_1_30' title="bbox 116 3000 2021 3083; baseline 0.004 -29"><span class='ocrx_word' id='word_1_234' title='bbox 116 3018 259 3072; x_wconf 80' lang='grc' dir='ltr'><strong><em>φασι</em></strong></span> <span class='ocrx_word' id='word_1_235' title='bbox 319 3000 414 3055; x_wconf 76' lang='grc' dir='ltr'><strong>τὸν</strong></span> <span class='ocrx_word' id='word_1_236' title='bbox 473 3000 684 3078; x_wconf 75' lang='grc' dir='ltr'><strong><em>ῥήτορα</em></strong></span> <span class='ocrx_word' id='word_1_237' title='bbox 743 3001 996 3059; x_wconf 83' lang='grc' dir='ltr'><strong><em>Κάσσιον</em></strong></span> <span class='ocrx_word' id='word_1_238' title='bbox 1054 3007 1328 3079; x_wconf 75' lang='grc' dir='ltr'><strong><em>Σευῆρον·</em></strong></span> <span class='ocrx_word' id='word_1_239' title='bbox 1402 3003 1611 3080; x_wconf 74' lang='grc' dir='ltr'><strong>Αὕτη</strong></span> <span class='ocrx_word' id='word_1_240' title='bbox 1669 3011 1923 3064; x_wconf 81' lang='grc' dir='ltr'><strong><em>τοῦτον</em></strong></span> <span class='ocrx_word' id='word_1_241' title='bbox 1987 3001 2021 3083; x_wconf 80' lang='grc' dir='ltr'><strong><em>ἡ</em></strong></span> 
     </span>
     <span class='ocr_line' id='line_1_31' title="bbox 115 3080 2023 3162; baseline 0.007 -23"><span class='ocrx_word' id='word_1_242' title='bbox 115 3083 494 3159; x_wconf 77' lang='grc' dir='ltr'><strong><em>παρῤησία</em></strong></span> <span class='ocrx_word' id='word_1_243' title='bbox 551 3085 670 3141; x_wconf 84' lang='grc' dir='ltr'><strong>τὸν</strong></span> <span class='ocrx_word' id='word_1_244' title='bbox 732 3080 1125 3162; x_wconf 65' lang='grc' dir='ltr'><strong><em>α’νθρωπον</em></strong></span> <span class='ocrx_word' id='word_1_245' title='bbox 1188 3085 1612 3148; x_wconf 75' lang='grc' dir='ltr'><strong><em>ἀποκτενεῖ.</em></strong></span> <span class='ocrx_word' id='word_1_246' title='bbox 1718 3089 1888 3151; x_wconf 79' lang='lat' dir='ltr'><strong>Haeo</strong></span> <span class='ocrx_word' id='word_1_247' title='bbox 1955 3088 2023 3153; x_wconf 81' lang='lat' dir='ltr'><strong>in</strong></span> 
     </span>
    </p>
   </div>
   <div class='ocr_carea' id='block_1_4' title="bbox 117 3170 2022 3464">
    <p class='ocr_par' dir='ltr' id='par_1_4' title="bbox 117 3170 2022 3464">
     <span class='ocr_line' id='line_1_32' title="bbox 119 3170 2022 3257; baseline 0.007 -25"><span class='ocrx_word' id='word_1_248' title='bbox 119 3170 358 3234; x_wconf 80' lang='lat' dir='ltr'><strong>Senatu</strong></span> <span class='ocrx_word' id='word_1_249' title='bbox 401 3175 702 3236; x_wconf 84' lang='lat' dir='ltr'><strong>accidisse</strong></span> <span class='ocrx_word' id='word_1_250' title='bbox 747 3196 949 3257; x_wconf 83' lang='lat' dir='ltr'><strong>aeque</strong></span> <span class='ocrx_word' id='word_1_251' title='bbox 976 3176 1379 3240; x_wconf 82' lang='lat' dir='ltr'><strong>manifestum</strong></span> <span class='ocrx_word' id='word_1_252' title='bbox 1421 3184 1516 3242; x_wconf 89' lang='lat' dir='ltr'><strong>est</strong></span> <span class='ocrx_word' id='word_1_253' title='bbox 1560 3201 1632 3243; x_wconf 84' lang='lat' dir='ltr'><strong>ao</strong></span> <span class='ocrx_word' id='word_1_254' title='bbox 1663 3200 2022 3246; x_wconf 85' lang='lat' dir='ltr'><strong>sermonem</strong></span> 
     </span>
     <span class='ocr_line' id='line_1_33' title="bbox 117 3271 2022 3357; baseline 0.007 -27"><span class='ocrx_word' id='word_1_255' title='bbox 117 3271 220 3332; x_wconf 84' lang='lat' dir='ltr'><strong>hic</strong></span> <span class='ocrx_word' id='word_1_256' title='bbox 275 3293 415 3334; x_wconf 83' lang='lat' dir='ltr'><strong>esse</strong></span> <span class='ocrx_word' id='word_1_257' title='bbox 471 3275 550 3334; x_wconf 87' lang='lat' dir='ltr'><strong>de</strong></span> <span class='ocrx_word' id='word_1_258' title='bbox 610 3274 821 3335; x_wconf 82' lang='lat' dir='ltr'><strong>Cassio</strong></span> <span class='ocrx_word' id='word_1_259' title='bbox 879 3273 1119 3338; x_wconf 85' lang='lat' dir='ltr'><strong>Severo</strong></span> <span class='ocrx_word' id='word_1_260' title='bbox 1180 3286 1461 3357; x_wconf 88' lang='lat' dir='ltr'><strong>oratore,</strong></span> <span class='ocrx_word' id='word_1_261' title='bbox 1523 3286 1592 3340; x_wconf 89' lang='lat' dir='ltr'><strong>ut</strong></span> <span class='ocrx_word' id='word_1_262' title='bbox 1634 3281 1822 3343; x_wconf 84' lang='lat' dir='ltr'><strong>etiam</strong></span> <span class='ocrx_word' id='word_1_263' title='bbox 1864 3281 2022 3343; x_wconf 85' lang='lat' dir='ltr'><strong>vidit</strong></span> 
     </span>
     <span class='ocr_line' id='line_1_34' title="bbox 118 3371 2017 3464; baseline 0.008 -35"><span class='ocrx_word' id='word_1_264' title='bbox 118 3371 646 3451; x_wconf 53' lang='lat' dir='ltr'><strong>wyttenbachius</strong></span> <span class='ocrx_word' id='word_1_265' title='bbox 704 3373 771 3434; x_wconf 88' lang='lat' dir='ltr'><strong>in</strong></span> <span class='ocrx_word' id='word_1_266' title='bbox 826 3372 1143 3437; x_wconf 80' lang='lat' dir='ltr'><strong>Adnotatt.</strong></span> <span class='ocrx_word' id='word_1_267' title='bbox 1198 3379 1280 3440; x_wconf 81' lang='lat' dir='ltr'><strong>ad</strong></span> <span class='ocrx_word' id='word_1_268' title='bbox 1320 3378 1387 3443; x_wconf 84' lang='lat' dir='ltr'><strong>h.</strong></span> <span class='ocrx_word' id='word_1_269' title='bbox 1427 3380 1472 3441; x_wconf 93' lang='lat' dir='ltr'><strong>l.</strong></span> <span class='ocrx_word' id='word_1_270' title='bbox 1520 3379 1654 3442; x_wconf 87' lang='lat' dir='ltr'><strong>Vol.</strong></span> <span class='ocrx_word' id='word_1_271' title='bbox 1681 3377 1734 3442; x_wconf 93' lang='grc' dir='ltr'><strong>Ῑ.</strong></span> <span class='ocrx_word' id='word_1_272' title='bbox 1777 3402 1842 3464; x_wconf 88' lang='lat' dir='ltr'><strong>p.</strong></span> <span class='ocrx_word' id='word_1_273' title='bbox 1872 3381 2017 3445; x_wconf 85' lang='lat'><strong>378.</strong></span> 
     </span>
    </p>
   </div>
   <div class='ocr_carea' id='block_1_5' title="bbox 116 3568 2018 3705">
    <p class='ocr_par' dir='ltr' id='par_1_5' title="bbox 116 3568 2018 3705">
     <span class='ocr_line' id='line_1_35' title="bbox 116 3568 2018 3705; baseline 0.007 -83"><span class='ocrx_word' id='word_1_274' title='bbox 116 3660 164 3705; x_wconf 49' lang='lat' dir='ltr'><strong>p·</strong></span> <span class='ocrx_word' id='word_1_275' title='bbox 208 3576 355 3694; x_wconf 65' lang='lat'><strong>¹8172)</strong></span> <span class='ocrx_word' id='word_1_276' title='bbox 393 3568 525 3625; x_wconf 67' lang='lat' dir='ltr'><strong>Vide</strong></span> <span class='ocrx_word' id='word_1_277' title='bbox 561 3570 798 3641; x_wconf 72' lang='lat' dir='ltr'><strong>Scaliger-i</strong></span> <span class='ocrx_word' id='word_1_278' title='bbox 835 3571 1285 3632; x_wconf 71' lang='lat' dir='ltr'><strong>Animadvenioneu</strong></span> <span class='ocrx_word' id='word_1_279' title='bbox 1329 3581 1379 3631; x_wconf 83' lang='lat' dir='ltr'><strong>in</strong></span> <span class='ocrx_word' id='word_1_280' title='bbox 1427 3578 1773 3652; x_wconf 72' lang='lat' dir='ltr'><strong>Chronologioe</strong></span> <span class='ocrx_word' id='word_1_281' title='bbox 1818 3582 2018 3639; x_wconf 72' lang='lat' dir='ltr'><strong>Eusebii</strong></span> 
     </span>
    </p>
   </div>
  </div>
 </body>
</html>
