2236 3932
213 112 298 174 26
800 133 881 189 DE
927 134 987 173 L.
1021 132 1228 174 VAnlo
1273 133 1511 174 rom-A.

212 275 265 341 §.
297 264 358 327 5.
401 287 465 348 p.
499 265 681 327 1652.
725 273 942 349 negat,
997 288 1034 328 a
1076 267 1341 349 Virgilio
1383 287 1648 349 usquam
1688 275 2103 330 memoratum

213 386 353 426 esse
407 371 473 426 et
527 367 871 426 memorari
931 365 1214 446 potuisse
1270 363 1351 425 L.
1395 365 1691 444 Varium,
1756 369 1940 450 utqui
1990 369 2103 429 illo

212 463 407 526 fuerit
430 462 643 546 junior
671 471 737 524 et
758 465 1074 524 Aeneidos
1103 464 1300 522 libros
1327 466 1755 528 emendaverit
1769 509 1790 542 ,
1832 466 2104 548 ingenue

210 562 448 640 fateor,
521 584 627 624 me
683 585 816 623 non
874 563 1025 621 satis
1071 562 1322 641 assequi
1364 561 1500 645 ejus
1545 565 2103 648 argumentationis

212 663 346 726 vim
370 662 469 742 ²¹).
569 662 871 743 Virgilius
928 680 981 719 a.
1029 659 1104 718 U.
1151 659 1221 720 G.
1265 662 1410 722 714.
1467 662 1765 745 Eclogam
1788 663 1904 723 lX.
1949 663 2106 724 scri-

211 762 372 822 bens
417 767 553 822 erat
594 758 1003 831 tricenarius3
1047 757 1277 820 Varius
1321 766 1565 838 autem,
1611 762 1666 822 si
1708 783 1943 823 annum.
1970 759 2105 842 ejus

212 861 490 921 natalem
559 879 616 917 a.
674 858 749 917 U.
811 858 881 918 C.
925 859 1073 918 672.
1144 860 1559 938 probabiliter
1620 861 2105 944 -assignavimuS,

213 965 351 1019 tum
407 956 614 1017 XLII.
673 976 872 1016 annos
929 963 1116 1017 natus
1175 964 1331 1019 erat.
1432 958 1650 1039 Neque
1695 965 1912 1020 tamen
1950 959 2107 1020 haec

211 1058 431 1119 aetatis
489 1075 929 1136 annorumque
988 1056 1406 1137 discrepantia
1457 1057 1910 1137 impedimento
1964 1058 2106 1133 erit,

212 1177 340 1237 quo
382 1155 595 1216 minus
621 1155 835 1231 illum,
877 1154 1127 1230 Maroni
1158 1156 1360 1216 amico
1399 1157 1835 1236 superstitem,
1878 1156 2109 1218 Aenei-

211 1256 328 1315 dos
387 1254 820 1315 emendandae
875 1255 1198 1337 negotium
1264 1255 1613 1336 suscepisse
1671 1254 2107 1317 Grammaticis

213 1354 566 1415 credamus.

382 1452 626 1521 Verum
654 1456 902 1530 tamen,
947 1474 1109 1534 quae
1135 1453 1440 1515 hactenus
1484 1455 1564 1516 de
1591 1454 1671 1515 L.
1697 1453 1875 1515 Varii
1904 1457 2109 1514 aetate

211 1553 668 1634 disputavimus
682 1595 703 1628 ,
747 1552 840 1612 eis
853 1595 873 1628 ,
917 1573 1001 1612 ne
1045 1553 1196 1633 quid
1236 1554 1457 1615 callide
1486 1555 1757 1615 reticere
1788 1573 2108 1635 coarguar,

210 1652 536 1716 adversari
597 1650 929 1728 videntur,
1001 1671 1162 1731 quae
1237 1652 1316 1712 de
1377 1650 1661 1735 ejusdem
1733 1673 1805 1714 ac
1862 1651 2110 1734 Virgilii

210 1750 708 1831 condiscipulatu
781 1750 949 1829 apud
1023 1748 1479 1812 Grammaticos
1553 1753 1753 1812 relata
1819 1752 2108 1834 legimus.

208 1851 493 1912 Donatus
527 1848 699 1909 enim
739 1848 810 1908 in
836 1847 961 1908 Vit.
998 1847 1245 1931 Virgilii
1273 1871 1326 1910 c.
1346 1850 1524 1909 XIX.
1555 1859 1598 1923 §.
1618 1851 1721 1910 79.
1764 1851 1923 1911 haec
1953 1850 2110 1911 scri-

207 1950 367 2032 psitz
440 1946 777 2023 „Audiuit
836 1947 931 2026 (n.
985 1946 1314 2030 Virgilius)
1371 1972 1417 2009 α
1471 1952 1709 2029 Syrone
1761 1959 2111 2030 praecepta

208 2046 490 2131 Epicuri
499 2070 521 2121 ‚-
582 2047 767 2124 cujus
811 2045 1144 2107 doctrinae
1184 2046 1430 2108 socium
1470 2047 1701 2108 habuit
1757 2048 1829 2111 V
1819 2046 2084 2107 arium.‘
2089 2052 2112 2083 ‘

211 2147 530 2227 Syronem
599 2145 1012 2227 Epicureum,
1092 2146 1193 2206 cui
1256 2167 1516 2227 operam
1589 2147 1838 2208 dedisse
1907 2145 2113 2206 fertur

210 2247 512 2330 Virgilius
567 2247 808 2306 Romae
867 2246 1114 2307 circiter
1170 2266 1229 2306 a.
1271 2247 1346 2306 U.
1384 2246 1454 2307 C.
1488 2249 1636 2307 707.
1654 2289 1674 2322 ,
1750 2267 1892 2307 esse
1941 2245 2110 2325 opti-

213 2367 409 2408 munr
432 2346 612 2405 illum
653 2345 862 2407 virum
876 2388 896 2421 ,
950 2367 1076 2426 quo
1118 2344 1510 2406 familiariter
1550 2366 1700 2405 usus
1745 2346 1826 2405 sit
1869 2344 2110 2421 CicerO,

209 2452 282 2509 ut
333 2446 470 2527 ipse
525 2445 614 2506 ait
670 2445 733 2505 d.
791 2444 932 2505 Fin.
990 2445 1061 2506 B.
1107 2450 1174 2507 et
1213 2446 1300 2506 M.
1342 2445 1522 2506 Libr.
1549 2444 1633 2504 11.
1692 2465 1743 2507 ο.
1783 2441 1889 2505 35.
1955 2445 2111 2525 ibiq.

356 2700 452 2758 21)
493 2698 550 2749 ld
587 2702 712 2751 enim
749 2703 847 2766 egit
883 2700 1024 2752 Ever.
1056 2699 1175 2751 Otto
1211 2703 1246 2751 l.
1270 2720 1334 2765 c.,
1370 2709 1424 2750 ut
1456 2701 1613 2750 eidem
1646 2699 1702 2750 P.
1728 2697 1955 2764 Alpheno
1976 2698 2113 2749 Varo

212 2771 342 2836 Icto,
375 2774 450 2821 cui
487 2772 715 2837 Eclogam
741 2772 835 2822 Vl.
875 2776 1147 2836 inscriptam
1184 2791 1290 2823 esse
1326 2782 1488 2836 putat,
1532 2773 1622 2822 hoc
1656 2771 1969 2821 honorificum
2001 2769 2112 2820 Ma-

212 2849 343 2894 ronis
375 2846 698 2893 testimouium
729 2845 983 2893 addiceret.
1071 2845 1182 2908 Ipse
1230 2863 1375 2906 quum
1417 2847 1640 2906 sentiret,
1689 2844 1748 2892 de
1783 2846 1959 2907 insigni
1995 2862 2112 2904 quo-

214 2917 325 2965 dam
359 2924 498 2978 poeta
542 2915 619 2964 hic
653 2916 952 2979 cogitandum
988 2922 1124 2980 esse,
1175 2916 1333 2977 addit,
1383 2915 1660 2977 Alphenum
1697 2912 1886 2963 Varum
1923 2933 2113 2976 quoque

212 2988 366 3036 videri
415 2988 620 3040 carmina
671 2989 952 3049 scripsisse,
1005 2989 1196 3038 saeculo
1233 2989 1511 3050 praesertim
1546 2987 1633 3035 illo
1650 2998 1674 3048 ,Γ
1713 3005 1806 3047 quo
1843 2986 1966 3034 docti
2002 3000 2113 3046 pas-

216 3061 305 3109 sim
343 3058 642 3120 indoctique,
702 3068 755 3106 ut
793 3057 974 3107 Bavius
990 3094 1008 3118 ,
1072 3058 1295 3109 Maevius
1343 3069 1391 3108 et
1435 3057 1630 3117 Anser,
1682 3075 1849 3106 versus
1886 3056 2112 3118 fuderint,

215 3130 275 3179 et‘
299 3131 460 3191 plures
494 3131 615 3179 alios
653 3128 777 3178 letos
812 3131 977 3193 poesin
1014 3148 1116 3179 cum
1147 3132 1515 3194 jurisprudentia
1550 3130 1754 3178 feliciter
1780 3130 2112 3192 conjunxisse:

194 3202 262 3250 »id
311 3202 437 3263 quod
486 3203 589 3251 sine
640 3201 811 3250 idonea
860 3203 1042 3250 ratione
1091 3203 1148 3250 ab
1202 3220 1258 3250 eo
1307 3203 1485 3251 dictum
1534 3217 1642 3249 esse
1690 3201 1857 3261 liquet.
1944 3198 2112 3261 Neque

216 3281 372 3321 tamen
409 3273 538 3321 idem
571 3271 833 3333 diffitetur,
889 3275 991 3321 veri
1027 3275 1234 3322 similem
1272 3275 1412 3323 etiam
1456 3272 1606 3321 videri
1643 3273 1923 3320 sententiam
1957 3269 2112 3319 Ruaei

213 3344 274 3392 ad
311 3343 481 3407 Eclog.
509 3343 631 3404 VI.‚
658 3346 766 3406 >qui
800 3344 1094 3413 Quintilium
1136 3344 1330 3394 Varum
1377 3363 1406 3394 a
1454 3342 1664 3407 Virgilio
1711 3342 1899 3390 laudari
1935 3349 2109 3389 censet.

213 3414 265 3464 Is
297 3424 370 3463 est
410 3417 676 3485 Quintilius
706 3417 795 3464 ille
810 3454 824 3477 ,
886 3415 946 3464 de
982 3419 1118 3478 cujus
1153 3417 1289 3466 obitu⁴
1319 3415 1552 3467 Horatius
1595 3414 1655 3462 ad
1673 3414 1959 3476 ·Virgilium
1994 3413 2111 3460 scri-

213 3488 308 3548 psit
359 3485 498 3536 Libr.
531 3486 575 3538 Ι.
610 3486 771 3537 Odam
800 3490 917 3548 242,
971 3494 1023 3536 et
1068 3487 1130 3535 de
1176 3505 1272 3550 quo
1319 3488 1472 3538 fusius
1521 3488 1750 3548 scriptum
1798 3491 1872 3534 est
1915 3485 1966 3535 in
2009 3481 2110 3533 Ex-

216 3575 343 3608 curs.
376 3556 425 3607 1.
732 3564 736 3568 “
812 3567 814 3569 ’
1591 3569 1594 3571 ·
1664 3587 1666 3590 >
