2236 3932
267 124 393 187 332
873 147 956 187 nn
1003 145 1229 193 Qnssm
1264 146 1631 190 »Anmnnsn

263 282 518 344 fuenmt
571 281 683 365 qui
696 327 716 360 ,
790 279 1252 363 refragantibus
1310 280 1570 360 quidem
1629 280 1826 347 Codd,
1884 285 2163 354 melioris

262 388 451 444 notae
493 381 668 444 Mstis
683 425 703 458 ,
770 378 979 441 Tullii
1014 398 1252 440 nomen
1292 378 1683 461 praeferrent
1723 402 1787 443 v.
1828 381 1932 444 23.
1947 407 1965 444 ε

347 483 483 554 Sed,
492 481 804 560 fulgente
837 476 1055 538 *trahit
1097 476 1474 539 constrictos
1509 478 1732 557 gloria
1775 503 1976 542 curru

347 578 501 641 Non
554 575 770 635 minus
809 574 1065 654 ¹ignotos
1101 575 1451 653 generosis.
1558 578 1701 658 Quo
1743 578 1897 656 tibi,
1962 580 2161 658 Tulli,

347 679 611 737 Sumere
652 673 1017 755 depositum
1059 675 1320 733 clavum
1337 717 1359 749 ,
1386 675 1682 758 fierique
1724 674 2037 743 tribuno?

261 782 360 852 et,
413 780 488 833 ut
540 771 866 832 Landinus
925 778 989 833 et
1028 774 1373 848 Baxterus‚
1431 775 1512 833 ad
1535 775 1873 838 Ciceronis
1919 777 2163 839 Consu-

258 875 335 934 lis
376 871 581 932 filium
620 870 948 933 referrent.
1056 871 1226 954 Quid
1268 878 1477 932 autem
1516 877 1613 934 est
1650 873 1982 939 inscitius?
2025 877 2164 938 Pri-

259 992 438 1032 mum
466 970 727 1032 Codices
754 970 1014 1053 plurimi
1045 977 1108 1032 et
1136 976 1294 1054 optt.
1326 992 1443 1053 pro
1479 971 1662 1033 Tulli
1679 971 1947 1037 offerunt
1982 975 2163 1051 Tim,

259 1071 433 1152 quod
474 1067 797 1152 Bentlejus
852 1067 990 1152 jure
1030 1070 1346 1152 reposuit3
1419 1071 1648 1133 deinde
1692 1075 2013 1153 quomodo
2058 1075 2163 1137 Ci-

259 1170 505 1231 ceronis
546 1168 710 1229 filius
727 1215 747 1247 ‚
807 1170 919 1250 qui
963 1189 1199 1230 annum
1243 1189 1430 1252 agens
1471 1170 1845 1252 vigesimum
1885 1173 2164 1255 primum

255 1271 323 1330 in
349 1269 437 1330 M.
466 1269 648 1330 Bruti
691 1270 908 1331 castris
951 1269 1214 1347 meruit,
1265 1268 1390 1330 diei
1431 1271 1715 1352 potuerit
1756 1292 2010 1331 sumere
2053 1273 2165 1332 de-

253 1369 544 1452 positum
585 1370 875 1446 clavum,
931 1366 1139 1431 fateor
1177 1388 1293 1431 me.
1327 1389 1461 1430 non
1515 1371 1790 1451 assequi.
1878 1367 2167 1431 Scholia-

247 1475 403 1535 ,stas
440 1469 495 1528 si
553 1469 969 1546 consulimus,
1025 1469 1273 1546 Acron,
1348 1468 1536 1544 „Iste
1590 1469 1881 1548 Tullius,
1935 1469 2163 1550 inquit,

256 1579 526 1630 senator
541 1568 698 1650 fuit
742 1579 804 1629 et
845 1579 1001 1630 ante
1039 1577 1326 1629 remotus
1367 1577 1462 1627 est
1504 1590 1548 1626 a
1575 1571 1825 1630 Senatu
1847 1591 1969 1651 per
2005 1571 2164 1632 Cae-

256 1690 473 1730 sarem
491 1711 515 1743 ,
580 1667 776 1750 quasi
810 1667 1157 1750 Pompejus
1201 1668 1350 1750 (leg.
1394 1666 1883 1751 Pompeianus):
1959 1669 2164 1730 occiso

264 1770 545 1831 Caesare
599 1766 837 1849 recepit
880 1769 1169 1846 olavum,
1222 1766 1294 1827 id
1339 1775 1435 1827 est
1445 1811 1465 1846 ,
1508 1768 1908 1829 senatoriam
1951 1767 2165 1847 digni-

256 1877 483 1928 tatem.
556 1866 717 1928 Fuit
759 1876 981 1927 autem
1021 1865 1393 1946 ignobilis.“
1462 1865 1542 1926 Et
1574 1866 1906 1930 Scholiast.
1939 1867 2163 1950 Cruq.=

253 1965 574 2044 „Tullius
634 1965 745 2028 hic
797 1970 1048 2027 Senatu
1102 1976 1319 2027 motus
1392 1976 1487 2026 est
1537 1989 1581 2026 a
1644 1970 1921 2030 Caesare
1976 1967 2171 2051 quasi

253 2067 690 2149 Pompeianus
704 2090 723 2128 .·
771 2065 978 2128 occiso
1020 2086 1173 2127 vero
1209 2067 1486 2128 Caesare
1524 2066 1762 2149 recepit
1802 2068 2011 2127 latum
2043 2066 2164 2127 ite·

253 2188 406 2228 rum
431 2167 708 2226 'clavwm
749 2167 814 2226 h.
858 2187 912 2227 e.
956 2163 1365 2227 senatoriam
1387 2165 1805 2244 dignitatem
1837 2176 1911 2233 et
1955 2166 2162 2228 tribu-

252 2288 381 2327 nus
421 2264 701 2327 militum
726 2267 969 2348 factus
1010 2267 1175 2327 est.“
1260 2263 1686 2353 Seribendum
1720 2272 1813 2337 est
1842 2267 1979 2350 sine
2009 2267 2163 2328 hae-

255 2367 544 2427 sitatione
604 2386 706 2448 ap.
764 2365 1148 2448 Scholiastas
1210 2364 1448 2428 Tillius
1503 2386 1621 2447 pro
1689 2363 1944 2428 Tullius
1960 2389 1980 2427 .·
2038 2387 2162 2447 qua

252 2467 583 2527 nominum
625 2466 992 2528 confusione
1033 2465 1192 2526 nihfl
1231 2471 1328 2527 est
1368 2463 1764 2547 frequentius
1797 2471 1882 2544 et,
1925 2486 2163 2548 prope-

254 2568 523 2642 modum
595 2567 903 2645 dixerim,
977 2565 1378 2644 sollemniuS,
1450 2570 1615 2626 teste
1674 2563 2014 2627 Garatonio
2081 2567 2162 2626 ad

256 2667 545 2730 Ciceron.
602 2666 877 2748 Philipp.
922 2665 1009 2726 ΙΙ.
1068 2687 1124 2728 c.
1170 2666 1272 2726 11.
1320 2687 1388 2746 p.
1432 2664 1583 2726 246.
1652 2664 1840 2742 Tom.
1877 2664 1930 2724 Ι.
1987 2651 2160 2726 Wdf.

240 2765 521 2830 ..Iahnius
563 2766 646 2828 ad
687 2766 749 2827 h.
783 2767 827 2828 l.
869 2765 1162 2849 intelligit
1202 2764 1467 2826 fratrem
1518 2762 1702 2826 Tillii
1732 2763 1999 2842 Cimbri,
2045 2766 2161 2826 ali-

154 2888 157 2891 *
255 2868 428 2929 unde
469 2866 629 2928 mihi
669 2887 802 2928 non
842 2867 1183 2951 cognitum.
1268 2863 1348 2926 In
1401 2864 1627 2929 eadem
1671 2862 1880 2926 Satira
1919 2885 1984 2927 v.
2016 2867 2158 2933 107.

255 2967 556 3050 legimus:

219 3054 221 3057 ⁸
349 3065 613 3145 Objz‘eiet
651 3087 842 3128 nemo
883 3067 1105 3129 sordes
1143 3065 1342 3146 mihi,
1402 3086 1567 3149 quas
1608 3062 1760 3140 tibi,
1815 3062 2015 3144 Tulli,
2120 3135 2122 3138 y

349 3168 512 3229 Cum
563 3165 830 3228 Tiburte
870 3166 986 3228 vict
1017 3177 1400 3248 praetorem
1443 3164 1719 3249 quinque
1759 3174 2118 3247 sequuntur

353 3270 450 3328 Te
471 3248 710 3348 pueri,
774 3265 1089 3344 lasanum
1121 3275 1469 3349 portantes
1515 3263 2126 3347 oenophorumque:

257 3368 507 3450 dequo
550 3366 694 3428 loeo
729 3364 1084 3448 SpohniuS,
1142 3372 1395 3428 auctore
1435 3363 1662 3427 Jahnio
1704 3384 1771 3448 p.
1813 3359 1999 3440 257„
2069 3362 2161 3422 ita

259 3467 631 3550 disputavit:
673 3464 933 3547 „Carpit
952 3466 1047 3527 M.
1076 3464 1371 3528 Tullium
1403 3463 1768 3527 Ciceronem
1791 3460 2013 3538 filium,
2049 3461 2159 3542 qui

262 3567 466 3629 socius
510 3566 704 3629 Cassii
734 3564 1092 3628 Parmensis
1134 3573 1200 3628 et
1242 3585 1328 3628 ex
1369 3565 1447 3626 iis
1490 3562 1613 3625 fuit
1625 3608 1645 3642 ,
1689 3563 1799 3646 qui
1829 3559 2157 3623 Horatium
