2236 3932
216 124 352 194 2862
795 147 876 196 nn
923 147 1164 196 cnssmf
1186 149 1550 190 PARMENsr.

213 279 520 341 oriundus
535 323 554 359 ,
613 281 897 342 restionis
938 280 1103 341 filius
1160 287 1227 347 et
1266 283 1676 363 argentarius.
1762 285 1933 351 Haec
1973 285 2107 345 Au-

212 379 371 440 tonii
410 381 737 440 maledicta
779 380 1158 460 repetiverat
1189 379 1433 440 Cassius
1460 382 1818 446 Parmensis
1861 385 1930 443 in
1973 386 2109 465 epi-

211 480 368 540 stola
411 480 681 559 quadam
726 479 805 536 ad
840 476 1288 555 Octavianum,
1334 482 1482 557 sed,
1527 488 1600 540 ut
1643 484 1907 543 decebat
1955 501 2134 564 poe-·

211 585 375 655 tam,
443 576 778 658 allegorico
850 598 996 637 usus
1057 598 1350 638 sermone
1420 580 1576 640 hoc:
1634 582 1956 661 scm-imam
2027 605 2112 642 ex

207 677 490 760 pistrino
532 673 812 734 Aricino
855 677 1123 756 sumpsit
1170 677 1233 736 h.
1278 698 1334 737 e.
1377 700 1651 741 uxorem
1694 683 1874 757 duxit
1918 681 2113 742 filiam

210 777 458 858 pistoris
503 770 829 856 cujusdam
870 781 1171 855 paternus
1211 782 1355 835 tuus
1420 798 1609 855 avus,
1670 787 1732 840 et
1775 802 1918 841 eam
1959 781 2112 841 fari-

210 893 359 936 nam
400 873 591 955 pinsit
643 874 934 934 manibus
979 876 1230 952 collybo
1276 877 1682 955 decoloratis»,
1740 901 1887 952 cum
1930 901 2112 940 men-

210 975 404 1035 sarius
449 979 635 1033 esset.
725 972 832 1034 Sic
868 971 1248 1036 Octavianus
1291 996 1419 1034 non
1461 982 1701 1037 tantum
1742 986 1813 1051 ut
1840 980 2111 1059 pistoriS,

210 1075 323 1134 sed
365 1073 558 1133 etiam
600 1073 941 1132 numularii
982 1093 1180 1152 nepos
1225 1094 1371 1134 cum
1415 1078 1793 1138 contumelia
1833 1085 2111 1138 notatur:

199 1172 420 1255 ⁴pistor
477 1172 650 1232 enim
705 1173 783 1232 ad
839 1179 1228 1249 maternum,
1299 1179 1361 1233 et
1407 1175 1834 1253 ‚nummarius
1878 1179 1958 1236 ad
2000 1197 2114 1257 pa·-

211 1280 464 1333 ternum
508 1269 836 1335 Octaviani
877 1292 1074 1353 genus
1103 1271 1469 1333 referendus
1497 1281 1612 1334 est.
1698 1275 1895 1358 Igitur
1926 1295 2114 1355 quam

208 1373 459 1456 generis
527 1371 794 1432 materni
864 1371 1326 1452 ignobilitatem
1388 1372 1705 1451 Antonius
1773 1373 2114 1435 Octaviano

209 1467 419 1533 rectis*
456 1472 668 1533 verbis
725 1471 964 1551 probro
1007 1475 1281 1532 Verterat
1298 1515 1316 1546 ,
1377 1474 1665 1532 eamdem
1708 1474 1777 1533 in
1820 1493 1896 1534 eo
1941 1479 2116 1533 taxat

211 1573 460 1634 Cassius
529 1591 648 1652 per
703 1570 1072 1652 allegoriam
1124 1570 1383 1650 plenam
1435 1573 1787 1634 acerbitatis
1846 1579 1909 1633 et
1963 1573 2115 1632 artis

212 1691 465 1762 quoque
509 1668 834 1752 cujusdam
849 1713 869 1745 ,
915 1688 1044 1749 qua
1085 1669 1189 1731 vel
1231 1670 1484 1753 singulis
1525 1672 1738 1734 verbis
1767 1673 2116 1754 plurimum

213 1772 358 1832 salis
402 1771 773 1850 adspersum
818 1774 932 1828 est.

381 1869 874 1938 Accommodate
928 1868 1280 1928 nominavit
1334 1869 1590 1948 pistoris
1643 1870 1837 1931 filiam
1881 1871 2117 1948 ἀλληγο-

211 1967 760 2050 ρικῶς·Ῐανίηαφη.ς
828 1988 955 2047 quo
1014 1968 1275 2048 quidem
1328 1969 1526 2030 verbo
1582 1970 1737 2031 item
1793 1972 2115 2048 translate,

212 2072 326 2132 sed
382 2068 701 2129 honestius
758 2086 910 2128 usus
967 2074 1064 2127 est
1117 2067 1371 2128 Persius
1431 2069 1563 2129 Sat.
1610 2069 1690 2130 V.
1746 2091 1810 2133 v.
1862 2071 2003 2131 115.
2031 2105 2118 2115 —-

211 2171 366 2236 Post
407 2189 547 2237 voc.
573 2166 831 2248 farina
871 2167 942 2226 in
968 2167 1164 2228 Codd.
1210 2165 1502 2228 Suetonii
1542 2169 1760 2229 multis
1801 2170 2118 2250 reperitur

214 2270 308 2344 si,
354 2267 700 2351 siquidem,
756 2288 877 2348 pro
928 2289 1056 2347 quo
1101 2265 1590 2348 Oudendorpius
1634 2265 1898 2352 conjecit
1946 2269 2121 2329 scili·-

216 2380 345 2444 cet,
407 2368 579 2448 quod
635 2365 1343 2450 Baumgarten-Crusio
1401 2373 1463 2427 et
1504 2367 1805 2428 Paldamo
1862 2368 2116 2445 arridet,

217 2488 348 2532 non
390 2469 549 2528 item
588 2466 771 2537 mihi.
858 2466 1176 2538 Revocavi
1192 2510 1210 2542 ,
1254 2472 1598 2546 praeeunte
1643 2465 1920 2529 Graevio
1935 2512 1955 2544 ,
2001 2478 2116 2541 est,

220 2569 395 2650 quod
457 2568 538 2627 ob
604 2586 738 2646 seq.
786 2565 1002 2647 pinsit
1055 2565 1288 2648 flagitat
1345 2566 1642 2626 orationis
1709 2567 2118 2628 concinnitas.

219 2666 419 2729 Offert
459 2666 614 2725 illud
641 2665 862 2726 Codex
910 2664 1231 2738 Salmasii3
1276 2658 1620 2726 Politianus
1664 2685 1751 2726 ex
1792 2666 1958 2727 Msto
2002 2687 2122 2726 no-

217 2767 374 2830 tavit
414 2766 484 2827 in
524 2765 803 2846 margine
829 2764 996 2824 Edit.
1027 2765 1279 2841 Mediol.
1303 2764 1654 2844 farinas-t,
1699 2766 1892 2844 idque
1915 2765 2120 2825 Mem-

217 2867 412 2928 miaui
457 2864 702 2929 Codicis
745 2882 1004 2926 assensu
1048 2864 1312 2924 stabiliri
1344 2865 1588 2924 monuit
1615 2863 2119 2945 OudendorpiuS.

222 2966 391 3028 Satis
434 2965 664 3045 liquet,
719 2983 807 3024 ex
849 2975 927 3025 δί’
951 2964 1174 3026 fecisse
1216 2964 1508 3024 librarios
1551 2963 1642 3039 si,
1701 2965 1873 3044 quod
1918 2963 2134 3023 Codd..

219 3065 480 3148 plurimi
533 3063 798 3139 habent,
884 3071 945 3124 et
1010 3065 1078 3124 id
1140 3070 1454 3124 mutatum
1508 3082 1643 3123 esse
1701 3083 1737 3123 a
1793 3063 1999 3123 sciolis
2053 3062 2122 3122 in

181 3207 185 3210 -
221 3163 556 3247 siquidem.
585 3195 672 3206 ·--
713 3162 1055 3224 Pistrinum
1099 3163 1376 3244 appellat
1411 3160 1866 3221 crudisszmum
1879 3206 1899 3238 ,
1946 3161 2120 3242 quod

223 3265 658 3345 Berneggerus
713 3262 791 3322 ad
847 3264 1281 3324 crudelitatem
1335 3261 1587 3342 pistoris
1643 3261 1709 3321 in
1756 3281 1972 3323 servos
2021 3260 2123 3340 pi-

226 3363 486 3422 storicos
540 3360 791 3435 retulit,
863 3382 988 3440 quo
1046 3363 1468 3442 exprobretur
1522 3358 1869 3422 Octaviano
1925 3378 2121 3442 genus

226 3462 452 3523 servile
511 3466 578 3520 et
634 3461 714 3520 ab
761 3459 1181 3542 ingenuorum
1237 3460 1544 3543 elegantia
1587 3459 1879 3521 alienum.
1963 3456 2122 3516 Eam

227 3559 812 3641 interpretationem
859 3579 986 3634 suo
1042 3579 1298 3620 assensu
1358 3561 1846 3640 comprobarunt
1887 3557 2121 3627 Baum-
