2236 3932
194 129 238 188 8
775 148 861 188 m:
909 149 967 187 1..
1012 148 1221 189 VAmo
1266 149 1504 191 POETA.

132 331 134 333 -
193 281 414 345 dubito
455 281 711 344 illorum
738 281 1309 346 Grammaticorum
1333 285 1522 348 fidem
1564 285 1933 348 confirmare
1977 306 2089 346 au-

195 381 479 444 ctoritate
535 375 840 443 Macrobii
888 381 1136 443 Saturn.
1180 383 1356 444 Libr.
1389 384 1472 445 H.
1517 406 1571 447 c.
1602 387 1662 446 4.
1705 408 1770 467 p.
1800 382 1945 446 357.
1974 386 2051 444 Z.
2069 430 2090 462 ‚

196 502 326 563 quo
367 481 436 540 in
477 480 619 542 loco
660 481 915 544 videtur
958 482 1374 543 certissimum
1433 504 1601 562 esse,
1658 485 1782 566 legi
1826 485 2056 544 debere
2074 505 2113 543 :-

187 588 423 665 postea
465 579 718 641 Lucius
766 581 837 643 V
828 579 1051 654 ariae,
1093 581 1581 658 tragoediarum
1623 583 1935 664 scriptor,
1977 604 2094 663 pro

195 679 366 762 vulg.
411 676 699 753 Lucia-5,
764 675 996 756 gravis
1051 679 1540 756 tragoediarum
1590 682 1869 764 scriptor
1886 706 1906 742 .·
1970 702 2096 761 qua

195 778 469 861 lectione
510 778 667 837 nihil
708 778 789 837 ad
832 795 1088 837 sensum
1128 773 1415 840 insulsius
1457 801 1627 859 esse,
1681 779 1808 866 jam
1851 781 1954 840 alii
1994 778 2097 861 ju-

199 877 567 938 dicaverunt
590 875 663 953 ⁵).
748 873 995 935 Nomen
1046 874 1296 940 Varius
1347 885 1599 958 putatur
1657 899 1793 940 esse
1857 878 2099 939 deriva-

197 980 338 1038 tum
381 994 418 1035 a
458 995 523 1032 n.
573 972 795 1035 Varus
810 996 830 1033 .·
887 993 1052 1053 quae
1104 973 1321 1055 opinio
1376 976 1537 1036 siout
1586 979 1959 1059 neutiquam
1999 978 2101 1036 in-

198 1072 487 1155 fringitur
530 1070 776 1134 diversa
815 1071 1046 1133 horum
1075 1073 1407 1134 nominum
1434 1076 1760 1155 prosodia,
1802 1078 1888 1137 ita
1919 1096 2100 1159 egre-

199 1171 300 1256 gie
344 1169 650 1230 stabilitur
691 1171 959 1232 aliorum
1000 1172 1281 1254 analogia
1314 1173 1673 1251 nominum,
1719 1196 1881 1254 quae
1911 1176 2103 1236 colle·-

197 1270 290 1353 git
333 1268 628 1351 Sigonius
685 1270 764 1331 de
804 1269 1178 1331 Nominibus
1219 1271 1654 1332 Romanorum
1699 1272 1848 1355 Cap.
1878 1273 1991 1334 IV.
2033 1275 2104 1334 in

199 1366 462 1431 Graevii
534 1368 590 1430 T
593 1368 850 1432 hesaur.
892 1368 1104 1454 Antiq.
1143 1369 1329 1431 Rom.
1371 1370 1515 1432 Vol.
1558 1371 1640 1432 Π.
1710 1395 1775 1457 p.
1833 1373 1999 1434 1970
2027 1373 2103 1453 6).

345 1572 399 1628 5)
436 1568 596 1641 vulg.
628 1572 802 1632 gravis
831 1570 1032 1621 mirifice
1065 1571 1289 1635 languet:
1337 1571 1458 1622 nihil
1493 1574 1729 1624 referebat
1764 1570 1900 1635 addi,
1933 1576 2107 1636 gravis

200 1658 263 1693 an
298 1641 423 1691 lenis
458 1642 603 1691 fuerit
638 1642 725 1691 ille
773 1640 1125 1706 tragoediarum
1173 1645 1390 1706 scriptor.
1483 1644 1600 1694 Solo
1636 1647 1939 1708 praenomine
1975 1653 2107 1694 vete-

200 1730 283 1764 res
318 1714 556 1761 neminem
591 1712 904 1776 designabant
940 1722 989 1763 et
1022 1716 1282 1776 vocabant,
1329 1717 1423 1764 nisi
1458 1717 1505 1764 in
1544 1734 1760 1766 sermone
1795 1717 2021 1765 familiari
2058 1724 2108 1764 et

168 1783 460 1834 sblanditiis.
532 1781 766 1833 Mendum
819 1785 1028 1834 indicant
1077 1783 1228 1835 codd.
1271 1784 1449 1835 Mstiz'
1489 1790 1538 1835 in
1574 1786 1735 1837 Vatic.
1771 1787 1818 1837 J.
1858 1786 2108 1851 Rycquius

202 1853 343 1906 Libr.
368 1854 412 1904 1.
450 1853 606 1918 Epist.
629 1861 715 1906 27.
753 1872 807 1905 se
857 1859 1096 1919 reperisse
1125 1865 1329 1906 testatur
1365 1857 1430 1906 L.
1475 1860 1724 1910 Gnava'us:
1783 1876 1903 1921 quae
1944 1876 2108 1907 corru-

201 1927 333 1991 ptela
367 1943 486 1989 1108,
535 1936 791 1988 praeeunte
827 1925 894 1977 Is.
928 1926 1171 1991 pontano,
1234 1928 1295 1977 ad
1331 1928 1398 1980 L.
1435 1930 1497 1978 V
1486 1934 1645 1980 arium
1682 1931 1838 1991 ducit,
1876 1947 2018 1991 quem
2039 1929 2109 1979 ⁴11.

204 1998 241 2048 l.
295 1997 660 2061 intelligendum
710 2014 821 2047 esse
870 2008 1151 2048 censuerunt
1198 2001 1338 2048 etiam
1385 2001 1609 2066 Heynius
1662 2002 1721 2051 ad
1774 2001 1949 2050 Donati
1998 1999 2108 2050 Vit.

205 2065 352 2133 Virg.
384 2086 426 2118 c.
443 2067 597 2119 XIV.
637 2070 680 2132 §.
701 2071 787 2119 53.
815 2066 876 2119 Ν.
910 2078 958 2118 et
983 2068 1277 2120 Wielandus
1314 2072 1373 2121 ad
1397 2072 1586 2122 Horatii
1614 2070 1840 2122 Libr.11.
1879 2072 2036 2134 Epist.
2058 2078 2107 2123 1.

203 2138 318 2190 Not.
348 2147 430 2191 18.
468 2158 518 2202 p.
548 2146 667 2193 108.
742 2138 820 2189 Cf.
851 2140 1027 2204 Langii
1062 2140 1314 2192 Vindiciae
1350 2142 1435 2193 Tr.
1468 2144 1606 2194 Rom.
1640 2163 1690 2206 p.
1719 2150 1803 2194 10.
1859 2141 1985 2192 ·Alii
2023 2143 2112 2191 ali-

206 2220 281 2261 ter
315 2210 454 2281 ‘lianc
489 2209 726 2260 Macrobii
771 2211 932 2260 locum
968 2222 1233 2277 tentarunt3
1286 2217 1356 2263 sic
1390 2214 1451 2264 N.
1481 2215 1711 2265 Heinsius
1748 2215 1807 2263 ad
1843 2213 2011 2263 Ovidii
2048 2231 2113 2264 ex

208 2280 350 2333 Pont.
401 2282 540 2332 Libr.
568 2279 663 2332 IV.
705 2281 849 2346 Eleg.
878 2289 960 2334 16.
1012 2302 1060 2335 v.
1087 2289 1172 2336 31.
1236 2289 1498 2347 suspicatus
1563 2297 1670 2349 est,
1736 2287 1886 2335 latere
1938 2302 2112 2335 nomen

207 2352 276 2406 L.
298 2351 566 2417 Gracchus,
604 2353 664 2403 de
700 2372 795 2416 quo
831 2363 969 2417 poeta
996 2358 1175 2418 tragico
1216 2357 1336 2404 infra
1365 2356 1564 2408 Excurs.
1584 2358 1683 2408 Vl.
1713 2358 1938 2407 dicemus.
1985 2356 2114 2405 Con-

206 2428 392 2489 iectura
428 2424 546 2475 haec
574 2423 834 2474 Heinsiana
867 2427 1010 2491 louge
1046 2435 1254 2489 praestat
1289 2430 1364 2486 ei,
1404 2447 1545 2490 quam
1583 2431 1872 2480 Torrentius·
1905 2429 1964 2477 ad
1990 2427 2115 2476 Sue-

209 2499 326 2547 tonii
361 2495 534 2546 Octav.
572 2515 616 2547 c.
643 2500 728 2548 43.
768 2494 890 2546 Vol.
913 2496 954 2547 Ι.
992 2517 1040 2559 p.
1066 2505 1189 2548 320.
1221 2499 1298 2549 ed.
1326 2499 1497 2551 Burm.
1531 2503 1805 2564 proposuit,
1859 2500 2114 2563 legendum

209 2585 319 2618 esse
367 2577 531 2620 ratast
581 2566 650 2619 L.
678 2569 836 2631 Itius,
892 2573 1064 2631 gravis
1108 2570 1472 2632 tragoediarum
1504 2576 1730 2635 scriptor.
1803 2571 1861 2620 In
1896 2569 2115 2620 Suetonii

209 2640 320 2690 loco
356 2642 521 2702 utique
557 2642 725 2702 reponi
759 2639 932 2689 debet:
978 2654 1330 2708 praeterquam
1361 2643 1794 2704 adolescentulum,
1845 2641 1911 2691 L.
1942 2642 2113 2702 Itium,

210 2707 409 2761 honeste
444 2723 644 2762 natum:
705 2729 816 2760 nam
853 2709 1053 2761 ἕθνικὸν
1088 2712 1330 2780 Lycium,
1384 2715 1511 2778 quod
1553 2714 1704 2764 codd.
1739 2715 1854 2775 aliq.
1892 2713 2115 2774 offerunt,

210 2800 306 2832 non
343 2784 496 2845 mag-is
534 2785 751 2832 convenit
785 2799 841 2830 ac
872 2784 1081 2846 simplex
1127 2802 1414 2847 praenomen
1449 2786 1622 2835 blande
1676 2788 1869 2834 dictum.
1942 2783 2117 2835 Caete-

211 2871 320 2903 rum
354 2854 412 2904 J.
444 2852 524 2904 H.
554 2851 922 2911 Eberhardtus,
965 2854 1181 2918 Suecus,
1219 2859 1268 2904 in
1298 2858 1437 2906 libi-‚2
1503 2856 1664 2906 Ueber
1698 2855 1750 2906 d.
1786 2854 2026 2904 Zustancl
2058 2851 2113 2904 ἆ.

211 2923 378 2975 εσῆὄη.
415 2919 716 2975 ἶγῖςεεηεοῆ.
742 2924 790 2975 b.
816 2924 868 2974 d.
896 2925 1114 2975 Riimern
1150 2926 1354 2991 (Altona
1391 2930 1574 2990 1801.)
1611 2931 1655 2992 §.
1679 2932 1765 2978 34.
1809 2927 1968 2976 Vario
2004 2943 2118 2988 poe-

212 3006 290 3045 tae
326 2997 493 3045 tribuit
530 2997 703 3064 Quinti
735 3014 1052 3061 praenomen,
1090 3001 1257 3060 procul
1292 3000 1435 3049 dubio
1469 3003 1519 3048 in
1557 3017 1770 3049 errorem
1803 2999 2022 3046 inductus
2058 2997 2118 3044 ab

214 3067 416 3117 Acrone
469 3066 635 3116 Schol.
675 3067 735 3116 ad
771 3067 941 3118 Horat.
978 3069 1117 3118 Libr.
1143 3068 1184 3119 l.
1226 3069 1376 3132 Epist.
1400 3075 1450 3121 4.
1483 3089 1532 3121 v.
1561 3077 1640 3138 3.,
1691 3079 1746 3120 ut
1796 3073 1895 3134 jam
1941 3070 2119 3118 notavit

214 3140 274 3187 ad
312 3141 450 3187 illum
484 3140 702 3188 libellum
734 3137 1008 3189 Kordesius
1043 3142 1093 3187 iu
1127 3140 1352 3190 Addend.
1388 3162 1436 3205 p.
1467 3148 1586 3198 187.

359 3216 411 3269 6)
466 3209 596 3260 Hinc
647 3219 785 3273 poeta
834 3212 956 3275 ille,
1009 3229 1151 3272 quem
1194 3210 1445 3262 Cornelius
1494 3213 1658 3275 Nepos
1705 3215 1755 3261 in
1804 3210 1915 3262 Vir.
1967 3210 2118 3261 Attici

215 3297 256 3329 c.
288 3286 371 3330 12.
401 3286 452 3331 4.
500 3290 612 3344 post
657 3280 882 3331 Lucretii
943 3281 1219 3348 Catullique
1267 3298 1464 3334 mortem
1509 3286 1657 3334 multo
1716 3285 2120 3346 elegantissimum

201 3352 378 3419 fuisse
416 3353 560 3416 dicit,
622 3353 824 3403 dubitari
859 3355 1023 3415 nequit
1053 3357 1166 3415 quin
1203 3358 1468 3416 appellatus
1503 3357 1647 3412 fuerit
1682 3354 1748 3405 L.
1779 3355 1947 3404 Julius
1985 3353 2120 3401 Gali-

215 3422 330 3484 ἄεις,
366 3441 540 3485 neque,
578 3433 632 3473 ut
666 3425 811 3488 vulg-o
846 3433 1053 3487 putatur,
1094 3424 1349 3476 Calidius.-
1383 3427 1474 3476 hoc
1504 3430 1628 3475 euim
1655 3444 1827 3476 nomen
1861 3442 1967 3474 esse
2002 3440 2120 3486 gen-

203 3495 452 3556 tilicium,
498 3495 623 3543 illud
661 3513 950 3559 cognomen,
986 3503 1040 3544 ut
1074 3494 1315 3546 Thermus
1349 3496 1698 3561 Minuciorum‚
1731 3498 1980 3547 verissime
2016 3512 2122 3542 mo·

219 3567 324 3613 nuit
361 3561 540 3614 Rosius
573 3566 635 3615 ad
672 3564 872 3618 Gornel.
899 3564 1074 3630 Nepot-
1101 3568 1140 3616 l.
1169 3585 1215 3617 c.
1239 3565 1360 3619 Vol.
1389 3567 1456 3619 Π.
1485 3587 1535 3631 p.
1560 3575 1681 3621 283.
1700 3568 1785 3618 ‘ed.
1811 3566 1959 3618 Bard.
2033 3563 2118 3615 Cf.
2198 3572 2200 3574 ’
