2236 3932
725 201 810 244 nn
854 201 916 242 ι.
956 201 1166 243 viimo
1217 202 1458 242 ΜΕΤΑ.
1899 184 2031 245 103

136 336 273 399 Ecl.
312 336 483 399 VIH.
540 359 605 400 v.
653 339 762 399 88.
817 359 883 419 p.
924 337 1074 400 432.
1142 333 1502 418 conjectura
1516 380 1538 415 ,
1614 359 1740 418 qua
1807 338 2036 400 Varius

136 437 597 498 existimandus
652 442 748 496 est
799 436 1042 498 luxisse
1097 435 1165 497 C.
1209 433 1362 497 Julii
1416 435 1697 497 Caesaris
1754 439 2034 499 caedem.

135 536 318 598 Idem
358 535 709 617 suspicatus
764 541 864 597 est
902 534 1304 597 Heindorfius
1360 535 1439 614 ad
1480 535 1723 596 Horatii
1766 535 1954 597 Satir.
1982 537 2035 597 I.

141 635 247 695 10.
290 655 354 697 v.
383 635 490 695 43.
576 635 749 711 Quae
790 635 1054 716 quidem
1086 634 1356 716 suspicio
1398 634 1661 696 mirifice
1704 633 2038 718 adjuvatur

134 740 492 814 temporum
532 753 881 815 rerumque
922 734 1272 796 rationibus
1284 777 1305 811 ,
1349 754 1505 816 quas
1535 733 1735 795 fusius
1769 736 2039 815 exposui

134 852 325 913 supra
367 840 419 906 ς.
450 832 512 893 5.
542 839 605 894 et
630 834 693 894 6.
778 834 927 894 Fuit
966 833 1122 893 illud
1165 854 1423 895 carmen
1463 833 1624 914 epici
1664 835 1910 917 generis
1953 841 2038 910 et,

132 931 188 990 si
225 952 359 992 non
399 932 607 1013 prius,
651 939 827 995 certe
869 938 1015 995 ante
1045 953 1099 994 a.
1129 933 1206 995 U.
1236 933 1307 994 C.
1337 934 1484 994 714.
1517 933 1789 1010 editum,
1834 935 2040 995 omni-

133 1031 382 1112 busque
396 1075 417 1109 ,
502 1033 615 1113 qui
695 1033 953 1114 quidem
1023 1032 1274 1094 Caesari
1355 1031 1703 1095 Octaviano
1773 1029 2040 1117 ejusque

134 1149 392 1192 caussae
447 1130 775 1211 faverent,
834 1133 926 1193 ita
966 1133 1341 1213 probatum,
1412 1138 1488 1191 ut
1529 1132 1824 1210 Varium,
1879 1140 2040 1194 tam-

134 1249 326 1310 quam
370 1251 691 1293 summum
749 1238 1003 1314 poetam
1018 1274 1039 1307 ,
1097 1230 1447 1311 suspiceret
1488 1231 1780 1314 Virgilius
1820 1231 2039 1317 Eclog.

135 1327 250 1388 IX.
294 1351 358 1391 v.
400 1330 505 1392 35.
605 1327 814 1407 Quid?
873 1330 1049 1411 quod
1091 1329 1289 1389 Vario
1346 1327 1613 1390 fortasse
1656 1332 1882 1392 eadem
1922 1332 2042 1393 fuit

134 1428 450 1489 scribendi
490 1430 661 1489 illius
689 1429 980 1490 carminis
1024 1427 1291 1503 occasio,
1336 1446 1464 1507 qua
1493 1427 1830 1510 Virgilium
1865 1432 2042 1493 exci-

135 1534 338 1589 tatum
394 1528 591 1589 fuisse
634 1532 912 1604 constat,
973 1532 1050 1586 ut
1088 1546 1148 1587 a.
1191 1525 1269 1586 U.
1315 1524 1387 1586 C.
1434 1528 1583 1587 712.
1632 1539 2045 1609 componeret

136 1625 434 1708 Eclogam
479 1626 759 1707 quintam
772 1670 794 1703 ,
864 1626 936 1687 in
977 1646 1183 1707 eaque
1224 1630 1365 1686 tum
1405 1625 1694 1688 dolorem
1737 1648 1924 1689 suum
1965 1631 2045 1690 de

133 1725 484 1806 Daplmidis
539 1726 584 1785 i.
627 1745 688 1786 e.
742 1724 894 1788 Julii
951 1725 1232 1787 Caesaris
1289 1725 1502 1802 obitu,
1562 1732 1699 1786 tum
1741 1727 2044 1789 laetitiam

135 1826 216 1886 de
259 1825 590 1906 Daphnide
644 1824 843 1886 heroe
898 1826 1066 1886 inter
1105 1825 1278 1885 Deos
1331 1831 1587 1906 recepto
1631 1827 2042 1908 exprimeret.

133 1925 385 1985 Videsis
426 1924 639 1987 Jahnii
678 1924 1023 1986 Introduct.
1066 1925 1134 1984 in
1163 1923 1387 2006 virgil.
1423 1946 1489 2006 p.
1515 1924 1692 1987 XHI.
1737 1933 1805 1988 et
1831 1926 2044 2010 Spoh-

133 2024 223 2084 nii
262 2024 718 2107 Prolegomena
759 2027 843 2086 ad
884 2024 1108 2108 virgil.
1153 2023 1361 2085 Carm.
1404 2025 1621 2086 Bucol.
1664 2048 1729 2108 p.
1762 2029 1870 2089 29.
1900 2049 2043 2110 sqq.

134 2124 414 2205 Uterque
455 2131 642 2205 poeta
695 2124 821 2186 hoc
877 2131 1322 2208 argumentum
1338 2168 1360 2202 ,
1418 2124 1589 2185 haud
1630 2124 2045 2210 injucundum

132 2225 350 2285 multis
393 2224 749 2305 aequalium
792 2246 1053 2286 suorum
1095 2231 1193 2302 et,
1257 2225 1368 2306 qui
1425 2231 1562 2287 tum
1602 2233 1815 2304 erant,
1888 2227 2044 2290 civi-

134 2325 278 2385 tatis
321 2325 708 2406 priucipibus
750 2325 1208 2407 gratissimum,
1254 2346 1375 2406 pro
1420 2346 1535 2386 suo
1578 2327 1848 2408 quisque
1891 2348 2045 2388 con-

133 2424 277 2485 silio
320 2425 611 2486 tractavit
665 2431 732 2485 et
786 2425 878 2485 ita
919 2425 1329 2506 temperavit,
1388 2431 1460 2485 ut
1473 2469 1494 2503 ,
1567 2426 1825 2511 Virgilio
1878 2429 2043 2488 nati·
2089 2440 2099 2450 ”

134 2545 283 2587 vam
323 2524 598 2585 bucolici
628 2524 923 2585 carminis
954 2524 1423 2605 simplicitatem
1456 2533 1876 2607 consectante,
1920 2529 2043 2589 Va-

135 2625 268 2684 rius
325 2624 506 2705 epico
565 2624 842 2684 sublatus
897 2624 1124 2704 spiritu
1167 2623 1233 2685 C.
1279 2624 1431 2686 Julii
1476 2624 1790 2705 Caesaris,
1847 2648 2044 2709 quem

132 2724 355 2786 vivum
424 2743 571 2783 cum
643 2724 1060 2784 a‹hniratione
1118 2724 1431 2804 coluerat,
1504 2727 1826 2807 praeclare
1879 2727 2044 2788 facta

134 2829 387 2886 caneret
441 2829 503 2883 et
558 2823 734 2906 gravi
790 2843 1123 2904 percussus
1181 2822 1493 2888 desiderio
1552 2826 1853 2888 miseram
1879 2907 1881 2911 Ι
1907 2824 2042 2911 ejus

134 2924 398 2984 caedem
437 2922 701 3006 lugeret.
810 2922 979 2982 Illud
1034 2922 1230 3006 igitur
1270 2944 1526 2987 carmen
1580 2927 1850 2987 arbitror
1891 2926 2042 3006 Epi-

135 3022 383 3084 ceditun
454 3024 774 3104 quoddam
829 3022 1025 3083 fuisse
1086 3045 1217 3085 uuo
1275 3025 1810 3107 comprehensum
1863 3026 2041 3088 volu-

135 3121 340 3183 mIne:
384 3122 449 3182 id
492 3123 663 3203 quod
705 3122 854 3182 inde
897 3122 1155 3206 colligo,
1200 3124 1349 3205 quia
1389 3146 1521 3186 non
1564 3125 1629 3185 in
1672 3126 1888 3206 plures
1930 3127 2042 3183 ‹le-
2075 3108 2085 3117 ⁶

137 3221 443 3301 scriptum
498 3222 691 3283 fiiisse
745 3222 939 3282 libros
981 3221 1255 3283 videtur.
1356 3223 1567 3284 Etiam
1610 3244 1695 3284 ex
1736 3224 1861 3285 boc
1904 3245 2042 3285 car-

135 3320 311 3381 mine
364 3339 563 3402 pauca
632 3321 972 3382 admodum
1033 3330 1372 3404 supersunt
1426 3323 1808 3406 fragmenta,
1878 3343 2043 3406 quae

137 3420 352 3481 omnia
395 3422 565 3502 apud
611 3442 812 3481 unum
851 3420 1248 3484 Macrobimn
1290 3425 1454 3484 lecta
1497 3420 1626 3505 jam
1669 3423 1921 3507 collegit
1963 3426 2043 3484 H.

138 3517 501 3601 Stephanus
558 3541 623 3602 p.
666 3521 813 3582 425.
874 3527 938 3582 et
993 3521 1067 3583 N.
1112 3521 1506 3606 Ciampittius
1560 3522 1630 3582 in
1671 3522 1939 3585 Praesat.
1982 3544 2041 3585 c.

140 3620 308 3701 apud
351 3620 679 3703 Kreyssig.
725 3642 788 3702 p.
825 3620 967 3683 127.
995 3643 1092 3704 sq.
