2236 3932
840 210 843 212 “
865 206 1202 249 Excuusns
1251 208 1295 246 1.
1908 182 2027 245 135

125 344 652 407 necessitudinem
697 364 843 404 cum
871 343 1136 427 Virgilio
1177 349 1240 404 et
1266 340 1550 403 Horatio.
1637 318 2028 420 Quapropter

123 447 256 509 Viri
310 445 499 506 Docti
512 488 531 520 ,
603 444 715 524 qui
770 443 942 504 hunc
999 443 1236 504 Varum
1286 441 1410 503 hoc
1463 441 1658 504 illove
1701 441 2028 519 utriusque

10 565 11 572 ¹
122 547 356 607 Poetae
412 545 556 604 loco
601 543 988 604 intellectum
1029 543 1250 604 volunt
1263 586 1284 619 ,
1349 540 1418 601 in
1459 559 1688 623 magno
1732 535 2029 599 censendi

10 638 11 670 ³
121 651 267 705 stmt
291 662 505 704 errore
530 642 793 702 versari.
880 639 1035 724 Ejus
1075 647 1334 724 patruus
1377 640 1502 701 dici
1549 645 1615 701 et
1651 638 1872 700 haberi
1913 659 2029 718 per

119 749 395 804 aetatem
433 746 650 822 posset
712 739 1068 820 Quintilius
1081 786 1104 818 ,
1169 741 1403 803 Poetae
1443 738 1771 799 Mantuani
1812 744 1874 798 et
1902 736 2028 797 Ve-

119 841 332 902 nusini
388 840 625 902 amicus
639 884 660 917 ,
737 840 792 900 si
846 847 1090 903 certum
1147 848 1215 903 et
1267 841 1514 901 idoneis
1566 839 1833 900 testibus
1877 858 2028 898 con-

121 944 443 1003 sumatum
501 946 697 1018 esset,
770 940 921 1002 huic
978 939 1171 1002 fin'sse
1231 939 1406 1003 Vari
1467 959 1842 1023 cognomen.
1950 937 2033 998 At-

122 1064 253 1103 11011
289 1041 579 1101 ·multum
648 1042 829 1102 abest
897 1039 1054 1121 quin
1110 1039 1172 1102 ei
1232 1046 1364 1100 tum
1423 1035 1822 1100 Praenomen
1891 1042 2034 1101 tum

121 1142 489 1224 Cognomen
531 1139 735 1201 afficta
778 1160 919 1202 esse
961 1141 1247 1222 suspicer
1290 1159 1328 1200 a
1368 1138 1807 1202 Grammaticis
1820 1182 1841 1215 ,
1885 1159 2030 1198 mu-

120 1248 296 1302 tuata
338 1241 417 1301 ab
447 1240 568 1300 isto
604 1239 983 1301 Germaniae
1009 1238 1328 1321 praefecto
1339 1282 1361 1316 ,
1406 1238 1520 1320 qui
1550 1238 1702 1320 ipsis
1744 1237 2032 1299 omnium

120 1342 432 1402 Varorum
474 1340 835 1400 notissimus
878 1344 1064 1400 esset.

290 1441 647 1519 Utcumque
706 1445 802 1500 est
816 1482 836 1515 ,
907 1443 1081 1498 recte
1139 1435 1407 1498 Jahnius
1466 1435 1713 1497 Horatii
1754 1435 1934 1496 Libr.
1978 1437 2030 1498 I.

122 1542 315 1603 odam
351 1541 452 1599 18.
497 1539 579 1599 ad
607 1537 978 1613 Quintilium
1021 1536 1319 1617 scriptam
1350 1556 1491 1599 esse
1525 1536 1743 1597 statuit
1771 1541 1838 1596 et
1864 1536 2034 1597 haud

120 1640 338 1700 inscite
393 1638 475 1697 ad
530 1636 828 1698 eumdem
881 1635 1098 1696 retulit
1148 1634 1357 1718 Epod.
1386 1634 1467 1696 V.
1525 1657 1589 1698 v.
1631 1637 1775 1714 73„
1835 1658 2034 1717 quum

8 1807 9 1810 Ἴ
122 1737 383 1800 Canidia
435 1737 629 1796 istum
685 1734 928 1796 Varum
981 1756 1046 1798 v.
1091 1730 1192 1795 57.
1253 1757 1469 1797 senem
1524 1736 1818 1817 appellet.
1862 1736 1921 1799 J.
1954 1737 2034 1796 Η.

122 1837 383 1899 Vossius
425 1837 507 1897 ad
532 1833 781 1918 Virgilii
823 1834 1041 1918 Eclog.
1072 1833 1183 1895 VI.
1229 1857 1292 1916 p.
1321 1836 1469 1896 292.
1515 1835 1708 1896 etiam
1749 1836 1818 1896 111
1861 1842 2035 1897 utro-

122 1957 251 2019 que
318 1935 564 1998 Horatii
639 1935 915 1998 carmine
986 1934 1069 1996 L.
1145 1934 1404 1999 Varum
1477 1933 1864 2016 Epicureum
1898 1959 1900 1961 ¹
1932 1937 2036 1996 in-

122 2038 534 2121 telligendum
586 2056 725 2098 esse
783 2040 1021 2098 censet.
1137 2033 1392 2096 Scilicet
1445 2035 1545 2098 vir
1597 2035 1707 2095 ille
1763 2036 2035 2097 eximius

122 2137 189 2198 in
243 2136 569 2218 opimone,
641 2156 836 2218 quam
891 2134 1088 2197 semel
1145 2140 1553 2216 conceperat,
1623 2135 1887 2197 mirifice
1928 2135 2037 2197 fir-

122 2259 264 2300 mus
321 2244 456 2299 erat
513 2243 581 2297 et
641 2235 966 2298 constans'
1040 2235 1227 2317 Apud
1279 2235 1612 2296 Horatium
1677 2236 1733 2296 si
1789 2234 2038 2297 Lucius

131 2339 204 2402 V
194 2359 356 2398 arus
412 2338 670 2418 quidam
725 2337 1164 2421 intelligendus
1218 2341 1343 2412 est,
1411 2332 1589 2418 cujus
1658 2343 1874 2398 tamen
1941 2336 2037 2397 rei

126 2438 296 2498 nulla
339 2458 600 2519 prorsus
644 2437 915 2517 suppetit
955 2436 1148 2513 ratio,
1207 2435 1590 2518 praestiterit
1641 2436 1768 2498 huc
1809 2457 2037 2500 vocare

125 2538 322 2598 alium
364 2536 645 2597 Lucium
693 2537 955 2599 Varum
967 2579 990 2611 ,
1037 2535 1180 2619 qui,
1224 2540 1300 2595 ut
1340 2533 1539 2595 refert
1585 2535 1913 2617 Appianus
1957 2537 2038 2596 de

124 2638 199 2696 B.
245 2637 380 2699 Civ.
425 2636 602 2696 Libr.
641 2635 753 2698 IV.
799 2657 856 2698 c.
906 2636 1050 2712 74.,
1123 2641 1488 2718 expugnata
1546 2655 1605 2697 a.
1653 2638 1732 2697 U.
1777 2636 1846 2697 G.
1889 2638 2035 2696 711.

126 2738 386 2815 Rhodo,
444 2736 760 2819 praesidio
814 2735 907 2796 ibi
947 2735 1206 2795 relictus
1251 2741 1346 2796 est
1388 2755 1426 2796 a
1470 2733 1535 2797 G.
1583 2735 1832 2814 CassiO,
1886 2735 2037 2798 Julii

130 2838 414 2900 Caesaris
483 2856 855 2919 percussore
865 2827 896 2913 ,’
957 2841 1024 2897 et
1080 2836 1193 2917 qui
1253 2856 1398 2897 cum
1455 2836 1717 2898 Horatio
1789 2837 1896 2899 vel
1954 2835 2036 2897 ob

129 2957 469 3000 commune
525 2937 801 3019 partium
859 2935 1256 3018 publicarum
1312 2936 1590 2997 studium
1650 2935 2041 2997 familiariter

127 3035 380 3120 junctus
436 3056 578 3099 esse
620 3036 847 3120 potuit.
937 3033 1070 3096 Sed
1119 3054 1314 3119 apage
1356 3033 1722 3119 hujusmodi
1764 3036 2038 3096 hariola-

129 3135 365 3197 tiones!
423 3136 799 3198 Vossianam
862 3137 943 3196 de
1000 3134 1081 3196 L.
1125 3133 1296 3196 Varo
1354 3135 1669 3218 Epicureo
1729 3136 2039 3217 opinatio-

130 3255 279 3296 nem
320 3234 876 3318 Vanderbourgius
920 3254 1174 3316 quoque
1217 3238 1486 3318 respuit,
1532 3237 1703 3318 quod
1746 3235 1815 3294 in
1842 3233 2039 3296 Codd.

132 3335 306 3396 Mstis
361 3336 440 3395 ad
497 3334 703 3418 Epod.
748 3334 827 3395 V.
883 3334 992 3397 ille
1046 3334 1275 3417 Alfius
1323 3338 1548 3401 Varus
1592 3336 1855 3396 dicatur.
1953 3335 2041 3395 At

132 3434 256 3496 hoc
299 3434 723 3516 patrocinatur
776 3435 986 3517 potius
1042 3454 1234 3517 quam
1276 3438 1649 3499 adversatur
1691 3436 2041 3496 sententiae

0 3522 57 3556 ἵ·
133 3534 347 3595 Vossii
423 3534 827 3616 suspicantis,
909 3534 1098 3596 istum
1182 3534 1570 3616 Epicureum
1652 3535 2040 3595 nominatum

137 3633 327 3696 fuisse
374 3633 456 3695 L.
486 3634 811 3716 Affenum
846 3634 1122 3699 Varum.
1209 3636 1564 3716 Utrumque
1607 3634 1779 3695 enim
1807 3643 2042 3696 nomen
