2236 3932
194 136 316 197 138
782 156 863 196 DE
912 156 969 195 ι.
1002 155 1208 197 VARm
1255 156 1493 197 POETA.

185 297 329 353 simt
369 297 514 374 post
542 290 619 353 G.
643 289 1003 352 Fabricium
1028 290 1326 351 Dacerius
1339 336 1359 368 ‚
1403 290 1462 352 J.
1488 291 1567 351 H.
1599 290 1880 369 Vossius,
1927 292 2093 354 Van-

188 391 606 473 derbourgius
649 397 712 454 et
744 390 1083 450 PottIerus.
1170 388 1414 452 Deinde
1444 389 1998 474 Vanderbourgius
2026 393 2094 452 in

187 489 327 576 Not.
359 491 440 551 ad
469 491 532 550 h.
563 491 608 549 l.
653 488 798 549 Vol.
827 486 879 546 Ι.
925 509 987 567 p.
1023 488 1170 548 364.
1188 509 1285 569 sq.
1329 496 1509 552 acute
1534 490 1882 568 admonuit,
1927 491 2096 550 hunc

190 591 572 671 Pompeium
627 587 820 647 fuisse
877 587 1237 647 Romanum
1253 631 1273 664 ,
1344 595 1514 651 certe
1556 589 1785 649 Italum
1800 633 1822 666 ‚
1876 590 1969 650 uti
2011 609 2098 650 ex

190 710 251 752 v.
283 691 346 750 3.
389 688 804 769 intelligatur-3
870 685 1246 767 Grosphum
1296 706 1449 749 vero
1493 687 1782 750 Siculum
1822 709 2098 770 eumque

192 788 455 850 divitem
485 783 782 868 agrorum
823 783 893 843 in
928 783 1140 846 Sicilia
1181 806 1610 871 possessorem
1625 833 1644 865 ‚
1688 794 1759 848 ut
1800 794 2099 870 appareat

192 907 279 948 ex
327 887 431 947 od.
481 885 581 945 16.
624 906 684 948 v.
721 884 826 944 33.
864 906 1038 966 sqq.‚
1100 905 1246 946 cum
1286 885 1391 946 ille
1434 907 1472 947 a
1515 886 1894 951 Triumviris
1947 909 2100 968 pro-

187 984 454 1065 scriptus
499 1003 613 1044 sua
654 984 823 1045 hona
846 985 1036 1044 haud
1081 984 1274 1045 dubie
1317 985 1645 1047 amisisset.
1730 987 1889 1048 Nam
1930 987 2100 1047 Mas-

187 1105 378 1144 sonus
435 1082 505 1142 in
546 1081 689 1143 vit.
743 1068 989 1144 Horatii
1031 1106 1095 1166 p.
1123 1085 1230 1144 88.
1261 1105 1360 1165 sq.
1403 1091 1575 1146 recte
1619 1084 1919 1169 conjecit,
1978 1087 2101 1147 hoc

189 1201 449 1244 carmen
505 1183 814 1264 scriptum
869 1202 1006 1244 esse
1062 1203 1228 1245 anno
1270 1184 1346 1246 U.
1391 1184 1461 1246 C.
1495 1185 1641 1246 715.
1658 1229 1677 1264 ‚
1735 1207 1864 1266 quo
1909 1205 2098 1261 ann0‚

187 1302 373 1364 pace·
403 1302 548 1344 cum
593 1280 777 1343 Sext.
820 1279 1127 1366 Pompeio
1183 1285 1265 1344 ad
1307 1283 1623 1345 Misenum
1679 1283 1878 1361 facta,
1943 1306 2098 1366 pro-

186 1381 432 1462 scriptis
476 1382 768 1443 omnibus
811 1383 1120 1443 redeundi
1176 1383 1516 1465 impunitas
1560 1385 1706 1444 data
1744 1383 1896 1464 fuit:
1964 1384 2096 1444 vid.

187 1481 310 1543 Dio
340 1479 512 1542 Cass.
554 1480 732 1541 Lihr.
761 1479 1058 1541 XLVIII.
1104 1501 1158 1542 c.
1188 1482 1316 1558 36„
1360 1480 1586 1565 Vellei.
1628 1483 1876 1544 Paterc.
1919 1482 2099 1542 Libr.

186 1580 275 1642 H.
321 1602 377 1644 c.
414 1583 520 1643 67.
605 1580 684 1640 In
727 1580 826 1640 his
869 1579 989 1640 fuit
1031 1581 1224 1643 etiam
1266 1584 1612 1665 Pompeius
1659 1584 1732 1646 V
1722 1605 1920 1643 aras:
1976 1603 2104 1663 quo

190 1682 396 1742 amico
441 1687 506 1741 et
547 1681 754 1744 veteri
801 1676 1229 1741 commilitone
1272 1688 1523 1762 praeter
1564 1678 2103 1763 exspectationem

193 1787 450 1862 recepto
506 1779 804 1840 Horatius
860 1779 1099 1840 laetitia*
1153 1780 1427 1841 exsultat
1469 1787 1531 1842 et
1575 1781 1808 1842 festum
1855 1781 1925 1840 in
1968 1779 2105 1862 ejus

193 1880 466 1942 reditum
510 1879 681 1939 diem
742 1878 963 1939 indicit
1014 1878 1425 1940 reminiscens
1464 1880 1712 1961 pristini
1757 1880 2105 1941 commilitii

191 1987 259 2044 et
303 1997 809 2041 commemorans
853 1998 998 2040 cum
1039 1979 1201 2039 laeta
1215 2023 1236 2056 ‚
1293 2000 1456 2060 quae
1500 1980 1859 2041 communia
1900 1979 2106 2041 habu-

192 2085 407 2158 erant,
451 2084 739 2160 tempora
755 2122 776 2156 ,
837 2083 977 2139 tum
1018 2078 1302 2140 maxime
1344 2079 1542 2140 tristia
1555 2123 1576 2157 ‚
1621 2099 1896 2162 quorum
1938 2100 2106 2140 mmc

193 2178 559 2241 meminisse
601 2175 867 2262 juvaret.

366 2278 509 2341 Jam
578 2277 1007 2359 Glandorpius
1077 2277 1149 2338 in
1217 2274 1543 2339 Onomast.
1602 2299 1667 2358 p.
1712 2278 1860 2339 698.
1875 2321 1895 2355 ,
1971 2297 2107 2338 am-

195 2378 426 2463 plexus
485 2375 979 2439 Scholiastarum
1020 2376 1266 2438 Horatii
1307 2377 1738 2438 testimonium
1751 2421 1771 2454 ,
1829 2378 1898 2438 in
1940 2377 2110 2437 ordi-

198 2500 353 2541 nem
379 2477 620 2558 recepit
641 2478 1021 2559 Pompeium
1043 2477 1300 2540 Varum
1328 2483 1395 2539 et
1422 2497 1459 2537 a
1486 2478 1789 2558 Pompeio
1810 2476 2109 2558 Grospho

195 2578 520 2654 distinxit,
595 2582 658 2638 et
715 2597 874 2657 quos
932 2577 1043 2637 ille
1097 2577 1337 2637 ibidem
1408 2576 1718 2660 congessit
1774 2573 2109 2659 Pompejos

195 2679 334 2740 solo
392 2675 868 2759 distinguendos
925 2677 1331 2759 cognomine,
1404 2696 1490 2737 ex
1548 2676 1639 2737 eis
1697 2675 1857 2736 satis
1886 2675 2106 2755 liquet,

199 2797 395 2860 quam
437 2795 602 2839 vana
646 2776 728 2836 sit
773 2777 854 2837 de
896 2776 1202 2858 Pompeio
1233 2776 1418 2839 Varo
1433 2819 1456 2850 ,
1503 2797 1695 2857 quem
1726 2774 2110 2836 Scholiastae

198 2876 440 2939 Horatii
498 2881 745 2937 tantum
803 2881 1304 2939 commemorant
1318 2919 1340 2954 ,
1411 2875 1713 2937 Virorum
1762 2875 2109 2936 Doctorum

202 2976 535 3040 dubitatio.
