2236 3932
244 121 368 187 218
795 145 878 186 DE
925 145 1150 187 cAssm
1197 146 1563 188 PARMENsn

240 278 508 342 Mensch
547 302 616 342 u.
658 276 911 359 Biirger
949 300 1081 340 von
1120 279 1336 358 Rom,
1393 281 1696 344 Praelect.
1724 283 1809 345 Π.
1854 282 1997 345 Not.
2033 285 2138 346 71.

242 400 328 442 ex
369 399 534 442 verS.
578 378 656 441 L.
689 378 958 439 Walchii
996 400 1061 459 p.
1109 378 1254 441 155.
1271 425 1291 459 ,
1353 387 1415 443 et
1455 381 1851 444 Eichstadius
1903 384 1972 443 in
2014 384 2140 444 Ad·-

242 480 427 541 dend.
487 480 569 540 ad
627 476 1017 539 Haberfeldti
1071 477 1289 540 Horat.
1349 481 1538 544 Tom.
1580 481 1694 543 IV.
1746 506 1810 564 p.
1847 482 1997 543 226.
2043 503 2177 563 sq.-

242 579 516 640 addendi
571 583 736 639 sunt.
839 575 1016 637 Inter
1076 598 1186 639 eos
1242 577 1426 641 facile
1493 582 1910 664 principatum
1966 587 2141 643 tenet

242 677 415 760 Scip.
474 673 765 759 Maffejus
781 718 802 752 ,
869 676 982 756 qui
1038 677 1175 738 sive
1225 678 1542 741 doctrinae
1599 683 1845 764 copiam
1900 687 2141 762 spectas

240 777 375 839 sive
430 778 975 857 argumentorum,
1036 776 1267 856 quibus
1326 779 1700 842 sententiam
1743 801 1924 841 suam
1966 801 2140 841 com-

237 874 612 950 muniverit,
685 874 932 954 pondus
945 917 965 950 ,
1041 894 1173 938 non
1231 876 1503 937 dubitari
1555 885 1761 959 potest
1807 881 1961 962 quin
2002 881 2142 962 pal-

237 993 411 1036 mam
450 964 869 1054 praeripuerit
908 973 1032 1054 ipsi
1072 973 1435 1037 Heindorfio
1477 978 1559 1037 ad
1597 977 1841 1039 Horatii
1879 978 2058 1039 Libr.
2087 978 2139 1038 l.

240 1072 376 1133 Sat.
409 1073 511 1132 10.
554 1093 619 1134 v.
648 1073 754 1133 61.
854 1072 1133 1154 Uterque
1192 1079 1403 1136 autem
1460 1095 1575 1137 suo
1629 1077 1896 1159 quisque
1937 1079 2142 1139 Marte

234 1170 509 1232 Massoni
552 1171 980 1252 opinationem
1019 1173 1408 1256 impugnavit
1453 1181 1518 1236 et
1560 1175 1878 1237 Torrentii
1919 1179 2142 1239 mode-

236 1277 396 1332 stam
452 1271 875 1351 suspicionem
928 1272 1281 1333 rationibus
1343 1282 1472 1336 tam
1526 1275 1874 1356 perspicuis
1930 1282 1995 1337 et
2062 1277 2143 1337 ad

237 1371 753 1453 persuadendum
813 1372 973 1453 aptis
1042 1370 1432 1435 confirmavit
1445 1419 1465 1451 ,
1535 1380 1604 1435 ut
1659 1377 1845 1438 valde
1909 1375 2143 1437 mirum

235 1489 342 1532 me
385 1488 636 1550 semper
690 1468 1018 1548 habuerit,
1080 1471 1233 1553 quid
1285 1473 1539 1534 tandem
1579 1474 1684 1536 Fr.
1711 1474 1789 1536 A.
1821 1475 1900 1534 H.
1930 1473 2143 1556 Spoh-

237 1570 417 1632 nium
474 1569 863 1651 permoverit
878 1613 900 1648 ‚
968 1576 1043 1630 ut
1107 1571 1342 1633 veteris
1402 1572 1579 1634 istius
1638 1594 1711 1635 ac
1764 1594 1967 1656 paene
2023 1595 2143 1636 ex-

224 1670 453 1751 plosae
495 1669 840 1730 sententiae
880 1670 1301 1751 patrocinium
1328 1672 1535 1734 denuo
1568 1673 1940 1754 susciperet,
1984 1679 2142 1735 teste

236 1768 465 1831 Jahnio
523 1767 605 1827 ad
658 1766 876 1827 Horat.
929 1766 1109 1830 Libr.
1151 1770 1204 1830 Ι.
1262 1768 1393 1832 Sat.
1431 1772 1530 1832 10.
1575 1795 1640 1854 p.
1674 1773 1821 1833 250.
1909 1772 2143 1834 Verum

244 1867 417 1929 enim
470 1885 626 1927 vero
683 1887 830 1927 cum
890 1886 995 1928 res
1048 1869 1219 1950 ipsa,
1290 1869 1369 1931 de
1424 1890 1552 1952 qua
1608 1872 1883 1933 scribere
1940 1873 2140 1954 coepi,

236 1959 375 2028 tum
431 1965 623 2026 etiam
678 1963 948 2048 Spohnii
1004 1968 1292 2030 doctrina
1347 1976 1413 2031 et
1469 1972 1803 2033 auctoritas
1858 1990 1963 2032 me
2019 1972 2144 2032 im-

236 2066 520 2149 pellunt,
600 2071 671 2125 ut
723 2065 1006 2147 primum
1072 2069 1247 2129 locos
1310 2068 1684 2131 Horatianos
1699 2115 1719 2148 ,
1786 2071 1856 2130 in
1909 2071 2141 2152 quibus

236 2174 576 2245 utrumque
620 2163 906 2227 Cassium
947 2166 1207 2229 Poetam
1251 2175 1813 2230 commemoratum
1855 2170 2141 2253 legimuS‚

239 2265 599 2348 singulatim
640 2271 1019 2346 pertractem
1061 2273 1154 2344 et,
1215 2268 1506 2329 adhibitis
1550 2267 1914 2330 Scholiastis
1973 2269 2142 2330 aliis-

238 2386 366 2446 que
378 2408 397 2441 ,
470 2363 526 2423 si
581 2364 692 2446 qui
746 2372 931 2441 sunt,
1000 2357 1269 2427 testibus
1286 2411 1306 2445 ,
1380 2389 1525 2428 cum
1568 2388 1715 2428 cura
1758 2368 2142 2443 examinem,
2216 2389 2231 2393 ·

237 2464 467 2525 deinde
521 2465 908 2544 rationibus,
967 2486 1133 2548 quae
1188 2468 1257 2527 in
1314 2472 1646 2549 utramque
1698 2473 1948 2550 partem
1988 2489 2145 2549 pro-

237 2564 398 2624 latae
453 2569 601 2622 sunt
612 2608 632 2641 ,
704 2566 1036 2649 diligenter
1092 2567 1456 2648 compositis
1511 2587 1583 2627 ac
1627 2567 1764 2628 sine
1809 2567 2144 2648 cupiditate

237 2662 595 2745 ponderatis
612 2706 631 2739 ,
690 2665 985 2727 evincere
1043 2668 1328 2728 studeam
1344 2709 1364 2743 ‚
1422 2672 1565 2727 utra
1618 2667 1830 2729 verior
1873 2667 1952 2726 sit
1994 2686 2145 2727 cen-

220 2762 436 2824 senda
498 2761 796 2824 Virorum
860 2766 1215 2827 Doctorum
1279 2765 1603 2827 sententia.
1721 2765 1957 2842 Quodsi
2027 2766 2145 2827 do-

238 2881 469 2938 cuero,
552 2861 706 2922 locis
777 2865 1137 2926 Horatianis
1194 2871 1372 2926 notas
1440 2859 1744 2946 quasdam
1814 2884 1952 2925 esse
2020 2865 2144 2925 im-

239 2981 487 3047 pressas
543 2981 690 3022 cum
743 2963 879 3045 ipsa
930 2966 1174 3027 ratione
1217 2986 1348 3026 non
1389 2965 1599 3025 minus
1644 2985 1836 3045 quam
1876 2963 2002 3025 fide
2043 2964 2147 3025 hi-

237 3063 469 3125 storica
512 3061 935 3142 conspirantes
950 3110 970 3143 ‚
1015 3066 1245 3147 quibus
1260 3109 1280 3142 ,
1323 3065 1427 3127 vel
1457 3063 1911 3146 refragantibus
1940 3063 2147 3126 Scho-

238 3162 433 3228 liastis
448 3205 470 3239 ,
515 3160 761 3222 Cassios
802 3163 957 3224 istos
1002 3167 1266 3241 alterum
1298 3166 1377 3224 ab
1406 3164 1602 3224 altero
1645 3163 2145 3225 internoscamus

237 3281 499 3324 necesse
544 3259 660 3338 sit,
723 3261 883 3322 mihi
923 3261 1190 3326 fortasse
1236 3264 1554 3344 continget
1598 3283 1736 3323 esse
1779 3269 1912 3323 tam
1953 3263 2143 3339 felici,

239 3368 313 3422 ut
358 3362 853 3423 controversiam
895 3363 1003 3422 diu
1044 3364 1439 3444 multumque
1482 3364 1651 3423 inter
1693 3362 1879 3424 Viros
1906 3363 2142 3424 Doctos

241 3462 537 3545 agitatam
580 3459 651 3522 in
690 3467 1071 3546 perpetuum
1114 3482 1512 3546 componam.
