2236 3932
257 157 382 224 372
808 146 907 222 'DE
953 161 1177 221 cAss1o
1225 178 1589 219 PARMENSI.

432 316 731 378 Minatus
789 314 946 375 Urbi
984 313 1199 375 vincla
1216 358 1235 390 ,
1282 335 1449 395 quae
1490 314 1877 374 detraxerat

560 413 773 475 Servis
818 411 1064 473 amicus
1097 404 1415 495 perfidis}

248 517 495 598 vquibus
551 515 619 575 in
676 512 888 574 verbis
943 512 1222 591 quaesita
1277 511 1439 571 inest
1497 511 1802 572 acerbitas
1859 512 1925 571 in
1980 512 2161 574 Sext.

262 612 672 698 Pompeium3
720 613 830 672 sed
874 610 1250 694 flagitiosum
1281 609 1368 670 M.
1399 611 1661 671 Antonii
1707 612 1976 672 dedecus
2020 633 2163 675 ver-

264 716 434 774 sibus
476 732 654 793 seqq.

347 815 694 874 Romanus
710 855 731 884 ,
777 811 901 870 heu
918 807 1149 884 jhm!
1191 842 1276 857 --—
1310 808 1569 890 posteri
1603 808 1920 887 negabitis
1965 845 2048 854 —-

475 907 948 990 Emcmmpatm
966 907 1305 989 (sentinae,

348 1012 503 1071 Fert
544 1009 794 1070 vallum
836 1019 895 1068 et
937 1011 1129 1068 &rma
1170 1007 1392 1082 miles,
1439 1017 1500 1067 et
1546 1008 1947 1090 spadonibus

479 1106 734 1168 Servz're
775 1106 1031 1186 rugosis
1066 1117 1304 1188 potest,

349 1211 654 1289 Interque
696 1205 887 1286 signa
930 1216 1119 1289 turpe
1160 1206 1482 1267 militaria

477 1307 590 1367 Sol
629 1304 907 1388 adspicit
948 1304 1311 1388 cenapium,

264 1406 554 1520 impingit
597 1405 933 1481 exercitui,
991 1424 1064 1466 ac
1108 1405 1334 1467 ducem
1347 1451 1366 1484 ,
1424 1414 1490 1467 ut
1532 1427 1593 1469 v.
1638 1410 1701 1467 7.
1747 1404 1928 1467 Sext.
1972 1406 2163 1469 Pom-

263 1507 483 1592 peium
497 1551 516 1585 ‚
577 1526 658 1566 ne
715 1505 919 1566 obiter
975 1485 1235 1586 quidem
1292 1513 1602 1568 memorat
1657 1513 1718 1568 et
1771 1506 2163 1587 Cleopatram

265 1614 504 1670 tantum
560 1604 817 1685 oblique
877 1604 1094 1686 tangit.
1206 1604 1396 1666 Anno
1451 1612 1592 1687 post
1649 1627 1792 1668 cum
1850 1608 1929 1668 de
1988 1613 2187 1686 capta·

266 1704 681 1781 Alexandria,
741 1708 804 1764 et
854 1703 1207 1766 voluntaria
1249 1704 1336 1764 M.
1381 1706 1640 1767 Antonii
1691 1690 1754 1766 et
1799 1705 2163 1786 Cleopatrae
2231 1729 2236 1731 ·

264 1802 470 1867 morte
498 1804 758 1865 nuntius
787 1803 1053 1863 Romam
1079 1803 1299 1864 allatus
1330 1811 1513 1883 esset,
1547 1805 1900 1887 composuit
1919 1803 2097 1862 Libri
2110 1802 2163 1880 I.

264 1907 453 1966 odam
497 1907 598 1965 37.
617 1947 636 1980 ‚
694 1903 764 1965 in
820 1922 1021 1984 eaque
1079 1901 1390 1965 effiisioris
1446 1905 1670 1986 plenus
1728 1903 1998 1964 laetitiae
2054 1903 2162 1962 uni

265 2005 630 2085 Cleopatrae
697 2003 1046 2080 insultavit,
1115 2022 1198 2063 ne
1261 2005 1459 2065 verbo
1534 2004 1796 2083 quidem
1855 2003 2163 2084 stringens

262 2104 613 2182 Antonium
628 2147 647 2180 ‚
707 2122 1090 2183 quamquam
1130 2104 1370 2184 patriae
1386 2148 1406 2180 ‚
1450 2103 1724 2163 nominis
1739 2147 1758 2179 ‚
1804 2107 1988 2184 togae
2005 2145 2024 2177 ,
2068 2100 2163 2160 fa-

264 2205 465 2266 scium
508 2203 772 2280 oblitus,
828 2208 895 2262 ut
938 2202 1024 2262 ait
1064 2201 1290 2263 Florus
1331 2202 1507 2262 Libr.
1551 2200 1660 2261 IV.
1716 2221 1770 2262 c.
1822 2203 1918 2262 ll.
1977 2209 2028 2274 ᾧ.
2076 2201 2160 2276 3.,

207 2377 215 2388 ·
264 2312 433 2365 totus
475 2301 567 2363 in'
585 2307 938 2363 monstrum
981 2302 1174 2379 illud,
1219 2308 1289 2363 ut
1319 2308 1570 2378 mente,
1613 2301 1700 2360 ita
1744 2300 1954 2360 animo
2000 2321 2162 2380 quo-

250 2423 390 2486 ·que
433 2410 493 2465 et
538 2403 704 2463 cultu
748 2401 1116 2463 desciverat.
1204 2402 1450 2478 Quanta
1479 2402 1547 2460 in
1580 2406 1851 2481 utroque
1887 2400 2161 2460 carmine

264 2505 471 2564 oblata
512 2510 644 2564 erat
687 2498 1118 2583 opportunitas
1169 2500 1510 2562 insectandi
1563 2501 1758 2562 istum
1815 2499 2160 2572 hominem,

262 2623 387 2684 qua
440 2609 649 2664 tamen
706 2608 839 2662 tam
890 2621 1115 2681 parum
1170 2620 1322 2660 usus
1378 2606 1475 2660 est
1530 2599 1827 2660 Horatius
1842 2642 1860 2673 ‚
1925 2605 1997 2657 ut
2057 2599 2161 2660 vel

262 2702 518 2763 nomine
586 2688 723 2783 ejus
778 2721 850 2762 ac
905 2700 1231 2760 mentione*
1284 2699 1657 2776 abstineret,
1710 2699 1966 2758 nedum
2025 2694 2162 2779 ejus

260 2802 487 2886 flagitia
532 2822 604 2866 ac
661 2802 970 2860 dedecora
1026 2798 1407 2878 posteritatis
1465 2797 1813 2858 memoriae
1867 2795 2160 2856 traderet.

262 2902 444 2978 Quod
488 2901 746 2981 quidem
793 2899 1076 2960 consulto
1122 2899 1201 2958 ab
1246 2918 1325 2958 eo
1367 2896 1604 2958 factum
1648 2914 1817 2972 esse,
1863 2895 2003 2975 quis
2048 2902 2159 2970 est,
2216 2933 2218 2941 ·

264 2999 376 3080 qni
430 2998 660 3059 infitias
718 2994 862 3058 eat?
936 2998 1079 3059 Jam
1123 2997 1175 3056 si
1218 2998 1297 3057 ad
1340 2997 1464 3058 hoc
1506 3015 1710 3076 usque
1752 3004 2002 3075 tempus
2047 3013 2162 3074 pe·-

261 3106 548 3178 percerat
588 3097 675 3157 M.
723 3097 991 3157 Antonio
1034 3097 1326 3157 Horatius
1381 3097 1514 3157 sive
1568 3094 1828 3175 pudoris
1884 3094 2162 3174 quodam

260 3218 449 3268 sensu
507 3199 731 3258 ductus
785 3198 918 3256 sive
962 3196 1371 3256 admiratione
1412 3195 1718 3257 virtutum
1762 3191 1895 3275 ejus
1936 3198 2160 3252 natura

258 3296 625 3373 insitarum,
683 3316 948 3377 quarum
991 3296 1191 3355 multo
1234 3296 1446 3376 plures
1489 3315 1623 3353 non
1665 3298 1881 3374 posset
1921 3312 2053 3351 non
2095 3291 2161 3349 in

261 3415 338 3457 eo
367 3375 862 3456 animadvertere
893 3415 1081 3475 quam
1104 3395 1173 3454 in
1203 3393 1466 3455 Caesare
1496 3391 1860 3468 Octaviano,
1897 3390 2160 3450 dubium

260 3514 398 3554 esse
440 3496 658 3574 nequit
701 3494 885 3575 quin,
943 3514 1028 3554 ex
1072 3514 1199 3574 quo
1244 3495 1322 3554 ab
1367 3489 1502 3576 ejus
1543 3490 1708 3567 filio,
1770 3490 1916 3552 Julo
1959 3488 2157 3547 Anto-

257 3593 398 3668 nio,
446 3594 765 3656 observari
811 3593 1058 3673 colique
1104 3598 1362 3673 coeptus
1405 3590 1626 3666 fuerit,
1672 3590 1829 3651 haec
1871 3588 2006 3669 ipsa
2043 3605 2157 3645 ne-
