2236 3932
806 128 1146 170 nxcuasus
1192 127 1286 170 xv.
1877 108 2005 173 329

73 270 404 333 tenuitate
446 273 737 351 questum
780 285 951 327 esse:
995 286 1058 327 v.
1101 264 1184 326 ad
1222 263 1405 331 Attin,
1449 261 1628 325 Libr.
1656 262 1795 326 XV.
1839 262 2001 347 Epp.

110 371 209 431 15.
257 371 360 430 16.
402 373 470 429 et
513 367 618 433 17.
702 359 906 426 Patris
930 363 1181 441 amicis,
1226 361 1338 447 qui
1379 383 1525 424 eum
1551 362 1818 423 Athenis
1850 383 2004 426 con-

104 473 410 531 venerant
422 509 442 542 ,
516 466 571 527 si
629 455 948 526 credimus
1003 468 1071 524 et
1123 463 1318 547 ipsius
1374 461 1487 522 filii
1545 463 1624 523 ad
1701 462 2005 524 Tironem

104 566 387 648 epistolis
401 608 423 642 ,
467 562 927 626 existimandus
969 567 1067 623 est
1106 562 1439 644 insigniter
1478 562 1546 621 in
1587 561 1812 623 litteris
1854 583 2005 643 pro-

104 666 350 728 fecisse.
442 661 793 746 Modestius
849 680 924 722 ac
964 661 1189 722 verius·
1225 661 1306 722 de
1349 680 1417 723 se
1460 661 1674 723 scribit
1710 660 2010 742 Horatius

105 766 284 830 Libr.
314 759 644 842 II.·Epist.
678 761 740 820 2.
784 781 848 822 v.
875 761 980 821 41.
1012 781 1184 841 sqq.:

190 863 449 924 Romae
490 850 743 920 nutriri
777 856 945 920 milii
981 858 1247 938 contigit
1290 869 1485 942 atque
1525 861 1763 938 doceri,

189 962 423 1022 Iratus
468 956 692 1037 Grajis
735 967 1060 1042 quantum
1096 956 1419 1020 nocuisset
1459 957 1769 1022 Achilles,

191 1060 505 1139 Adjecere
548 1057 756 1119 bonae
788 1058 1024 1140 paullo
1056 1059 1216 1140 plus
1258 1056 1425 1137 artis
1479 1057 1810 1135 Athenae,

191 1158 444 1222 Scilicet
485 1167 561 1219 ut
590 1179 856 1240 possem
895 1176 1093 1218 curvo
1135 1156 1504 1236 dignoscere
1545 1169 1813 1234 rectum,

189 1262 411 1343 Atque
443 1256 614 1319 inter
654 1256 860 1319 silvas
900 1255 1230 1321 Academi
1266 1239 1577 1340 quaerere
1616 1279 1861 1319 venem.
1931 1273 1938 1280 “

188 1361 387 1423 Dura
426 1358 542 1420 secl
584 1377 872 1418 emovere
914 1357 1050 1417 loco
1092 1377 1196 1417 me
1237 1366 1536 1438 tempora
1573 1368 1792 1436 grate,

131 1489 138 1498 ··
196 1457 546 1540 Civili-sque
585 1457 818 1517 rudem
860 1454 1011 1516 belli
1050 1454 1204 1516 tulit
1247 1465 1467 1516 aestus
1509 1455 1584 1516 in
1626 1477 1843 1531 arma,

197 1555 499 1623 Caesaris
540 1555 839 1636 Augusti
874 1576 1012 1616 non
1053 1575 1453 1638 responsura
1498 1555 1779 1616 lacerti-5.

102 1658 311 1740 Atque
352 1677 440 1721 ex
478 1656 604 1718 hoc
646 1663 827 1740 grato
868 1656 1013 1718 loco
1066 1661 1357 1736 tempora
1400 1661 1782 1718 emoverunt
1824 1656 2019 1719 etiam

106 1760 479 1822 Ciceronem
520 1754 742 1816 filium.
830 1757 990 1819 Cum
1033 1755 1205 1816 enim
1244 1754 1334 1816 Μ.
1366 1756 1600 1815 Brutus
1642 1776 1864 1818 mense
1897 1756 2020 1819 Se-

104 1858 385 1942 ptembri
441 1876 500 1917 a.
545 1855 619 1916 U.
665 1854 735 1917 C.
772 1857 922 1918 710.
977 1855 1139 1917 velis
1191 1854 1259 1915 in
1315 1854 1508 1915 altum
1565 1856 1759 1934 datis,
1815 1856 2017 1919 Athe-

106 1979 223 2020 nas
278 1955 672 2040 pervenisset
728 1955 891 2016 clam
951 1954 1043 2015 ibi
1115 1955 1357 2015 bellum
1426 1961 1793 2037 paraturus,
1872 1976 2020 2018 cum

105 2059 262 2120 alios
316 2053 582 2140 juvenes
634 2055 956 2117 Romanos
972 2097 992 2131 ,
1064 2054 1419 2116 studiorum
1476 2075 1694 2118 caussa
1752 2056 2020 2119 Athenis

105 2162 432 2221 versantes
446 2200 468 2235 ,
543 2155 665 2217 sibi
722 2152 1051 2238 adjunxit,
1113 2161 1250 2215 tum
1299 2156 1492 2216 etiam
1538 2155 1911 2218 Ciceronem
1953 2150 2032 2219 et'

105 2257 459 2320 Horatium.
573 2254 759 2318 Hunc
815 2255 1080 2317 fortasse
1135 2256 1415 2337 primum
1464 2257 1544 2316 de
1584 2255 1746 2319 facie
1787 2277 2022 2341 cogno-

106 2362 288 2420 verat
317 2356 486 2438 apud
512 2354 1014 2416 Theomnestum
1043 2355 1511 2434 Academicum,
1543 2376 1738 2436 quem
1767 2376 1805 2418 a
1821 2357 2020 2418 Bruto

107 2477 227 2539 per
280 2456 439 2517 illud
494 2460 746 2536 tempus
790 2456 1075 2516 auditum
1119 2474 1257 2517 esse
1300 2454 1496 2516 refert
1537 2455 1911 2518 Plutarchus
1952 2457 2021 2518 in

107 2557 284 2618 Brut.
326 2575 384 2618 c.
428 2555 534 2618 24.
641 2554 939 2616 Horatius
982 2562 1120 2615 tum
1161 2560 1346 2616 natus
1389 2561 1524 2616 erat
1566 2576 1764 2618 annos
1808 2559 1914 2618 22.
1958 2562 2022 2619 et

0 2680 1 2695 ἒ
108 2655 330 2717 Cicero
371 2674 572 2716 annos
615 2657 721 2716 21.
808 2653 925 2716 me
968 2675 1006 2715 a
1033 2655 1233 2716 Bruto
1263 2654 1557 2716 tribunus
1597 2655 1881 2717 militum
1920 2655 2032 2736 fa-x

108 2761 277 2829 ctus3
332 2749 440 2817 hio
469 2754 790 2836 ‚equitatui
830 2752 1185 2836 praefectus
1229 2759 1355 2828 est3
1409 2754 1589 2815 illum
1630 2756 1836 2838 prima
1877 2762 2020 2817 tum

106 2852 446 2916 facientem
486 2853 795 2936 stipendia
842 2854 954 2916 illo
998 2853 1392 2917 Tribunatus
1444 2874 1714 2918 munere
1744 2855 2018 2939 insigni-

108 2959 211 3016 ter
274 2959 575 3017 ornatum
643 2952 1154 3036 honoratumque
1211 2952 1403 3018 fuisse
1459 2962 1757 3039 apparet;
1826 2956 2020 3036 hunc,

107 3059 289 3136 patre
339 3060 499 3116 teste
556 3054 636 3115 de
695 3052 881 3115 Offic.
925 3052 1105 3115 Libr.
1150 3053 1236 3115 Π.
1280 3074 1336 3116 c.
1383 3055 1484 3117 13.
1529 3064 1579 3130 §.
1619 3059 1721 3133 7.,
1785 3055 2020 3118 scimus

108 3150 239 3236 jam
279 3172 318 3214 a
352 3150 661 3236 Pompeio
688 3153 1003 3235 equitatus
1031 3153 1166 3216 alae
1198 3153 1377 3217 alteri
1409 3154 1797 3236 praefectum
1823 3154 2021 3218 fuisse

108 3260 176 3315 et
218 3239 356 3314 tum
397 3273 438 3315 a
479 3274 731 3315 summo
773 3253 884 3316 illo
926 3252 1068 3315 viro
1111 3258 1246 3315 tum
1286 3254 1366 3316 ab
1411 3255 1700 3317 exercitu
1725 3274 2020 3339 magnam

109 3352 365 3414 laudem
440 3358 852 3415 consecutum
924 3352 1301 3434 equitando,
1387 3351 1722 3438 jaculando
1738 3397 1760 3433 ‚
1846 3355 2022 3417 omni

108 3452 363 3513 militari
420 3452 641 3514 labore
698 3452 1049 3515 tolerando.
1150 3453 1444 3518 Horatius
1487 3454 1733 3515 nullum
1775 3454 2058 3518 invenit'

113 3571 265 3614 suae
322 3551 525 3615 laudis
578 3571 919 3635 rerumque
972 3552 1040 3615 in
1082 3554 1190 3617 ino
1233 3555 1403 3618 bello
1447 3560 1764 3639 gestarum
1805 3555 2021 3619 bucci-
