2236 3932
665 195 750 237 nn
792 195 855 236 1..
878 194 1090 238 viimo
1133 193 1376 238 rom-A.
1848 174 1976 238 107

74 329 227 393 totis
253 329 615 395 dabawr.“
653 331 811 413 ibiq.
840 331 1167 394 Abramus-
1194 329 1275 392 Τ.
1298 328 1353 392 Ι.
1395 351 1460 412 p.
1489 327 1636 392 542.
1666 330 1770 391 ed.
1798 329 1975 392 Wdf.

71 430 343 511 Philipp.
379 430 498 491 111.
542 450 600 492 c.
627 431 722 493 4.:
778 473 828 506 „
838 429 997 511 Quis
1050 438 1272 495 autem
1320 451 1446 490 rex
1485 450 1800 511 umquam
1821 429 1979 510 fuit

74 539 216 591 tam
265 527 568 608 insae‘gm'te
625 528 1004 611 impudens,
1059 539 1137 590 ut
1199 528 1464 590 haberet
1523 527 1752 589 omnia
1805 549 1979 589 com-
2025 555 2030 561 ·

71 628 308 703 moda,
379 627 687 711 beneficia
699 670 726 703 ,
791 628 953 705 iura
1003 626 1195 708 regni
1244 627 1510 690 venalia
1523 623 1558 690 ,²
1622 649 1822 710 quam·
1877 626 1983 688 hic

72 726 549 788 &munitatem
559 770 586 803 ,
664 749 865 810 quam
933 727 1263 789 civitatem
1273 771 1299 804 ‚
1368 727 1565 812 quod„
1582 761 1586 764 ·
1594 724 1978 810 praemium

73 846 211 887 non
235 826 343 886 vel
378 825 648 905 siugulis
676 826 1045 893 honu'm'bus
1055 870 1079 902 ‚
1123 828 1227 888 vel
1252 825 1624 894 civitatibus
1633 869 1658 904 ,
1702 827 1806 887 vel
1828 824 1984 886 uni-

73 923 276 987 versis
306 924 669 1008 Ρνουὺωἰὶς
708 925 999 987 vendidit
1011 921 1096 988 ?“
1136 927 1411 1010 Philipp.
1446 925 1528 989 V.
1572 947 1628 990 c.
1643 959 1650 980 ·.
1659 926 1722 988 4.
1736 948 1755 987 ε
1797 927 1987 1001 „De-

74 1034 253 1086 creta
274 1025 481 1106 falsa
521 1025 837 1088 vendebat
849 1048 871 1101 3
930 1048 1136 1106 regna
1150 1069 1175 1102 ,
1224 1025 1522 1088 civitates
1534 1069 1558 1102 ‚
1600 1023 1986 1087 hnmanita-

74 1132 204 1201 ιω,
246 1122 322 1184 in
362 1145 511 1200 aes,
555 1135 825 1208 accepta
856 1125 1184 1208 pecunia,
1228 1125 1497 1205 jubebat
1537 1123 1818 1187 incidi.“
1901 1122 1987 1185 Et

73 1221 346 1305 Philipp.
380 1216 531 1285 XII.
573 1245 630 1287 c.
660 1222 760 1286 5.=
814 1224 1328 1300 „Inmnunitates
1370 1223 1455 1284 ab
1497 1242 1571 1283 eo
1585 1265 1608 1298 ,
1668 1222 1987 1300 civitates,

74 1321 444 1384 sacerdotia
456 1367 477 1402 ‚
518 1345 728 1404 regna
767 1323 1131 1386 venierunt.
1214 1323 1398 1385 Num
1420 1324 1725 1404 figentur
1752 1345 1990 1385 rursus

75 1442 194 1482 eae
250 1422 551 1498 tabulae,
622 1446 787 1506 quas
825 1444 943 1485 vos
982 1421 1256 1483 decretis
1294 1419 1530 1483 vestri-5
1569 1421 1891 1504 refixi-stis
1904 1417 1989 1485 ?“

77 1520 243 1584 Vide
283 1523 366 1583 ad
405 1522 473 1583 h.
499 1522 547 1583 1.
574 1522 1010 1601 Garatonium‚
1053 1521 1165 1604 qui
1196 1521 1425 1606 allegat
1451 1518 1916 1604 spanhemium
1934 1521 1990 1583 1.

78 1619 238 1683 orb.
281 1620 469 1682 Rom.
499 1622 602 1683 17.

245 1719 359 1780 llis
399 1726 691 1783 accurate
735 1727 802 1783 et
843 1719 980 1782 sine
1023 1720 1359 1802 cupiditate
1391 1719 1682 1802 perlectis
1716 1719 1861 1803 quis
1892 1726 1994 1783 est

77 1818 234 1902 quin
288 1819 359 1879 in
415 1819 587 1881 Varii
643 1821 930 1884 versibus
1002 1817 1290 1903 ejusdem
1356 1818 1636 1904 effigiem
1691 1819 1991 1899 hominis,

0 1959 2 1970 ·
79 1919 188 2001 qui
227 1918 298 1979 in
339 1919 591 1982 civitate
617 1919 849 1982 Consul
893 1920 1107 1981 onmia
1132 1920 1590 2002 permiscebat,
1633 1919 1992 2002 impudenti

78 2020 341 2082 audacia
381 2026 445 2082 et
483 2020 769 2082 lubidine
811 2041 925 2103 per
966 2017 1108 2104 jura
1138 2020 1355 2083 divina
1382 2019 1786 2101 humanaque
1815 2039 1994 2105 gras-

79 2126 284 2199 satus,
326 2119 642 2202 depictam
670 2120 975 2183 inveniat.
1060 2121 1145 2182 At
1187 2126 1455 2202 quaerat
1488 2119 1802 2202 quispiam
1815 2162 1836 2197 ,
1882 2116 1995 2201 qui

79 2218 220 2284 fieri
259 2219 560 2304 potuerit,
602 2226 673 2281 ut
703 2219 934 2282 Varius
964 2219 1311 2283 Antonium
1326 2263 1347 2298 ‚
1394 2219 1835 2283 Triumvirum
1873 2238 1994 2301 po-

82 2327 327 2383 tentem
366 2325 432 2382 et
473 2317 808 2383 Octaviani
837 2321 1176 2408 collegam,
1219 2326 1351 2384 tam
1393 2326 1612 2403 aperte
1655 2324 1723 2381 et
1764 2319 1995 2381 acerbe

81 2413 533 2504 perstringeret
573 2441 653 2483 eo
695 2421 959 2502 quidem
997 2420 1065 2481 in
1108 2420 1387 2501 carmine
1401 2463 1423 2498 ,
1466 2420 1643 2502 quod
1684 2419 1994 2502 scriptum

83 2526 254 2581 esset
284 2519 352 2580 in
378 2519 686 2581 honorem
717 2519 787 2581 G.
813 2518 852 2582 J
854 2519 965 2580 ulii
994 2518 1296 2599 Caesaris,
1340 2517 1519 2604 cujus
1545 2519 1616 2582 in
1642 2517 1994 2582 affectando

82 2618 352 2700 imperio
405 2638 520 2681 seu
562 2620 977 2702 opprimenda
1017 2621 1339 2702 republica
1380 2620 1587 2682 fuerat
1627 2618 1996 2682 administer

84 2725 381 2781 strenuus
424 2738 499 2781 ac
539 2718 721 2782 fortis
736 2715 771 2782 Ρ
822 2718 1067 2782 Verum
1122 2720 1297 2782 enim
1335 2741 1492 2784 vero
1541 2719 1654 2817 qui
1698 2717 1996 2782 Octavia-

84 2839 242 2879 num
284 2819 450 2882 bene
490 2821 773 2900 noverit,
826 2820 986 2882 mihi
1027 2841 1159 2882 non
1202 2820 1512 2882 dubitabit
1553 2819 1853 2882 accedere
1897 2817 1996 2878 di-

86 2918 285 2998 centi,
326 2919 744 2982 vaferrimum
771 2920 971 2982 istum
994 2916 1296 3004 juvenem
1321 2919 1470 2983 inde
1498 2941 1536 2983 a
1567 2918 1762 2983 caede
1790 2936 1993 2998 usque

87 3020 380 3081 avunculi
422 3020 520 3083 sui
559 3021 628 3082 id
671 3021 886 3082 animo
929 3021 1356 3105 agitasse,ut
1285 3021 1572 3083 utsolus
1612 3039 1833 3082 rerum
1874 3037 1996 3099 po-

86 3117 313 3180 tiretur
325 3163 346 3198 ‚
389 3126 463 3180 ut
478 3165 499 3199 ‚
543 3121 860 3203 oppressis
902 3140 1017 3202 per
1045 3119 1389 3183 Antonium
1417 3121 1615 3183 Bruto
1658 3125 1721 3181 et
1756 3115 1994 3194 Cassi0,

88 3218 324 3280 sensim
354 3219 718 3301 sensimque
744 3242 892 3282 suos
916 3220 983 3281 in
1014 3220 1448 3285 Triumviratu
1475 3221 1744 3304 collegas
1773 3221 1995 3278 aucto-

89 3316 276 3379 ritate
331 3324 399 3381 et
450 3320 728 3403 potentia
769 3319 1044 3402 privaret
1082 3327 1150 3384 et
1161 3365 1183 3400 ,
1237 3315 1353 3383 ubi
1395 3320 1639 3384 occasio
1682 3316 1882 3379 ferret
1921 3335 1997 3378 ac

90 3423 365 3500 tempus,
414 3437 524 3481 eos
551 3418 960 3502 opprimeret.
1031 3420 1238 3499 Quare
1265 3422 1458 3485 etiam
1483 3425 1730 3481 tantum
1755 3415 1992 3493 aberat,

87 3522 162 3576 ut
202 3537 392 3602 aegre
432 3516 667 3597 ferret,
738 3519 795 3581 si
835 3519 1137 3606 collegam
1176 3542 1363 3584 suum
1417 3521 1498 3583 ab
1557 3516 1697 3581 aliis
1749 3515 1998 3580 videret

92 3617 467 3701 audiretque
508 3618 973 3703 vituperatum,
1027 3626 1101 3685 ut
1143 3622 1332 3685 tacito
1374 3625 1633 3705 pectore
1673 3617 1996 3703 probaret.
