2236 3932
711 204 796 245 nn
842 204 907 248 1..
931 201 1142 245 vAluo
1186 202 1428 243 rom-A.
1930 179 2009 241 91

112 340 375 424 planum
428 338 668 401 faciunt
725 340 887 401 duae
940 337 1388 421 Inscriptiones
1408 381 1430 414 ,
1497 356 1767 419 quarum
1821 334 2017 397 altera

112 441 438 503 invenitur
477 439 646 520 apud
689 437 946 500 Gruter.
987 461 1055 520 p.
1084 435 1474 498 DLXXXH.
1519 435 1581 498 5.

741 535 1401 598 PHILETAERO

550 634 787 698 AVG.
846 636 1049 698 LIB.
1112 634 1576 697 PRAEPOS

508 735 664 797 AB.
729 735 1036 797 AVRO.
1104 732 1607 798 GEMMATO

702 834 1035 897 JVLIA.
1078 835 1434 896 HIERIA

722 934 1069 996 ANTIII.
1112 935 1161 996 F
1175 935 1399 995 ILIA

590 1033 1045 1096 CONJVGI.
1089 1036 1174 1095 B.
1218 1034 1321 1096 M.
1365 1032 1553 1096 FEc

335 1137 518 1198 ET.
594 1134 879 1196 SIBI.
947 1134 1098 1196 IN.
1172 1131 1427 1194 SVO.
1496 1129 1796 1192 ITEM

567 1234 773 1296 LIB.
841 1230 1579 1307 LIBERTABVSQ

456 1331 1185 1408 POSTERISQ.
1260 1328 1680 1391 EORVM.

113 1436 328 1497 Altera
341 1480 363 1513 ,
440 1455 605 1517 quae
648 1440 711 1494 et
755 1433 894 1513 ipsa
933 1432 1177 1492 Romae
1217 1429 1288 1490 in
1330 1449 1440 1489 ara
1495 1448 1855 1489 marmorea
1918 1448 2025 1489 re-

113 1542 294 1618 perta
333 1542 464 1614 est,
510 1534 679 1615 apud
731 1530 987 1592 Gruter.
1030 1553 1097 1612 p.
1147 1527 1622 1590 DCLXXX1X.
1658 1526 1722 1589 5.

756 1653 797 1691 n
817 1653 839 1691 1
857 1652 886 1691 s
904 1672 923 1690 .
983 1651 1044 1691 M
1060 1651 1105 1690 A
1122 1651 1164 1689 N
1183 1651 1207 1689 1
1223 1651 1262 1689 Β
1279 1649 1325 1691 v
1340 1650 1372 1690 s

681 1729 721 1795 J
750 1729 810 1791 V
837 1729 895 1790 L
923 1729 956 1789 I
982 1730 1042 1789 A
1068 1728 1121 1788 E
1141 1772 1160 1790 .
1230 1727 1316 1790 G.
1378 1727 1430 1790 F

853 1827 1284 1889 HIERIAE

740 1930 798 1991 T
812 1930 871 1989 H
886 1926 937 1990 E
958 1927 1014 1990 Ο
1029 1930 1077 1988 Ρ
1094 1930 1153 1988 Η
1166 1929 1198 1988 Ι
1210 1928 1267 1989 L
1282 1928 1342 1991 V
1357 1928 1406 1990 S

884 2029 934 2089 P
948 2030 1008 2089 A
1020 2029 1077 2088 T
1095 2028 1147 2089 E
1162 2029 1220 2088 R
1237 2072 1256 2092 .

116 2132 340 2196 Sciens
390 2137 722 2215 praetereo
779 2129 971 2190 aliam
1013 2128 1504 2211 Inscriptionem
1561 2131 1731 2211 apud
1774 2130 2028 2192 Gruter.

115 2256 179 2316 p.
216 2229 655 2294 DCCCCXIV.
706 2231 800 2306 l.,
866 2229 934 2289 in
991 2249 1117 2309 qua
1158 2227 1556 2312 Apus-alana
1597 2228 1838 2290 Hier-ia
1890 2250 2030 2291 me-

115 2340 422 2396 moratur.
533 2332 690 2392 Illae
747 2328 1201 2410 Inscriptiones
1260 2331 1521 2407 docent,
1579 2328 1860 2392 Hien’ae
1909 2351 2032 2390 no-

116 2455 296 2512 men,
354 2435 527 2515 quod
571 2435 746 2513 ἱερέαν
780 2452 831 2492 s.
876 2432 1109 2508 ἱέρειαν,
1157 2429 1651 2507 sacerdotulam,
1698 2427 2029 2513 signifieat,

117 2534 445 2616 proprium
499 2533 695 2594 fuisse
748 2531 1116 2592 libertabus.
1230 2528 1782 2611 Quemadmodum
1836 2530 2029 2615 igitur

116 2634 300 2696 Iulia
342 2632 580 2695 Hier-ia
621 2632 793 2693 haud
826 2631 1017 2692 dubie
1060 2631 1288 2691 liberta
1331 2628 1453 2689 fuit
1482 2627 1636 2690 Julii
1679 2623 2027 2716 eujusdam,

118 2734 207 2795 ita
264 2740 509 2796 certum
564 2733 854 2808 videtur,
920 2730 1131 2809 illam,
1203 2749 1476 2811 quacum
1518 2729 1818 2814 Virgilius
1874 2750 2030 2792 oon-

119 2835 427 2911 sueverit,
487 2832 774 2896 Plotium
815 2830 1120 2894 Hier-iam
1161 2828 1359 2892 fuisse
1411 2849 1450 2892 a
1497 2828 1706 2893 Plotio
1750 2831 2029 2914 quodam

119 2934 594 2996 manumissam.
1527 2995 1529 2998 .

288 3032 532 3095 Verum
588 3034 760 3095 enim
801 3053 958 3095 vero
1008 3051 1138 3113 quo
1179 3029 1429 3114 longius
1472 3028 1542 3091 in
1584 3030 1704 3092 hae
1747 3029 2029 3110 disputa-

121 3133 295 3194 tione
335 3135 742 3219 progredior,
787 3134 909 3194 hoo
951 3128 1263 3214 majorem
1303 3130 1461 3191 mihi
1490 3127 1805 3214 objectam
1838 3128 2026 3191 video

123 3230 556 3294 difficultatem
600 3240 698 3311 et,
750 3239 823 3292 ut
865 3232 1133 3316 ingenue
1174 3229 1406 3309 fatear,
1454 3229 1760 3308 ἀμηχανίαν
1803 3248 2028 3310 quam·-

124 3331 291 3393 dam.
378 3330 537 3394 Nam
592 3354 679 3394 ex
721 3333 846 3410 eia,
906 3328 1070 3415 quae
1112 3328 1306 3394 modo
1352 3329 1794 3407 disseruimus,
1844 3326 2028 3391 vide-

123 3438 229 3491 tur
284 3432 621 3513 consequi,
694 3438 767 3492 ut
826 3451 863 3492 a
917 3429 992 3496 L.
1047 3430 1241 3494 Vario
1300 3429 1498 3493 Poeta
1555 3428 1918 3490 libertinam
1957 3427 2028 3487 in

123 3531 596 3593 matrimonium
642 3532 895 3593 ductam
937 3551 1076 3594 esse
1118 3538 1498 3608 statuamus,
1543 3534 1609 3591 et
1635 3528 1803 3590 haud
1833 3527 2026 3589 dubie

124 3631 301 3694 illam
359 3633 562 3714 ipsam
620 3632 934 3714 puellam,
990 3652 1184 3714 quam
1227 3630 1521 3715 Virgilius
1577 3648 1725 3692 oum
1767 3626 2026 3706 cebete,
