2236 3932
678 218 764 260 me
810 214 1109 259 1..VA1110
1152 213 1396 257 ron-rs.
1866 195 1987 258 111

79 359 401 443 vulgatum
458 361 561 418 est
600 352 839 416 veteris
859 387 949 400 -—
972 367 1239 414 cervae.
1284 349 1388 413 cui
1428 322 1686 413 lectloni
1728 359 1993 416 controa

76 458 349 521 versiam
390 456 568 518 movi
609 451 739 539 jam
781 453 850 514 in
877 452 1081 534 Epist.
1102 451 1273 514 Grit.
1298 451 1379 513 de
1419 450 1506 512 C.
1498 450 1757 513 Valerii
1783 440 1995 515 Flacci

78 555 529 640 Argonauticis.
588 553 798 634 (Lips.
846 550 1074 632 1812.)
1126 571 1194 634 p.
1233 548 1340 612 85.
1394 549 1614 632 ibique
1654 550 1996 642 legendum

78 654 381 737 proposui
422 652 645 714 celeris
682 685 772 697 —
811 670 1059 712 cervae.
1116 639 1366 735 Hujus·
1389 643 1848 713 emadationis
1887 661 1997 714 me

78 755 366 815 nondum
419 751 734 834 poenitet,
806 771 955 813 cum
1011 758 1142 813 tam
1184 750 1384 813 facilis
1428 750 1543 829 sit,
1571 756 1713 830 ut,
1770 772 1999 814 verum

79 854 135 915 si
187 852 287 914 vis
341 850 562 930 fateri,
629 871 827 912 unam
877 849 1107 911 111οᾶ0
1125 851 1405 912 litteram
1448 849 1620 912 dicas
1647 844 1997 914 mutatam.

79 951 350 1035 Vulgata
392 956 610 1012 autem
642 950 830 1012 lectio
874 956 1269 1032 quantopere
1310 950 1570 1034 frigeat,
1626 942 1821 1013 nemo
1862 967 1999 1014 non

79 1052 310 1128 sentit,
354 1050 873 1131 quandoquidem
913 1068 1105 1111 canes
1136 1051 1467 1113 venaticae
1498 1070 1718 1113 cervas
1746 1057 2001 1115 veteres

79 1169 285 1232 aeque
327 1169 402 1211 ac
438 1146 744 1233 juvencas
788 1150 923 1212 sive
965 1149 1302 1210 hinnuleos
1345 1149 1643 1232 indagare
1685 1152 1891 1213 solent
1933 1158 2003 1214 et

79 1249 406 1333 persequi.
508 1250 685 1327 Quae
746 1249 920 1310 enim
974 1248 1216 1330 antiqui
1259 1247 1601 1330 scriptores
1644 1251 1726 1311 de
1768 1251 2003 1337 insigni

82 1369 423 1412 cervorum
474 1349 655 1411 senio
709 1347 1105 1425 fabulantur,
1175 1353 1252 1408 ut
1305 1348 1657 1409 docuerunt
1712 1349 2006 1432 Spanhe-

81 1450 249 1510 mius
292 1449 374 1509 ad
418 1434 784 1511 Callimachi
824 1448 1063 1532 Hymn.
1116 1446 1187 1506 in
1227 1445 1410 1506 Dian.
1455 1467 1521 1509 v.
1555 1449 1700 1509 106.
1744 1449 1886 1511 Vol.
1916 1450 2002 1513 Π.

82 1571 142 1631 p.
191 1547 339 1610 250.
354 1590 375 1624 ,
446 1546 738 1609 Davisius
800 1547 883 1607 ad
939 1544 1264 1607 Ciceronis
1333 1533 1528 1608 Tusc.
1579 1536 1763 1630 Disp.
1821 1547 2006 1612 Libr.

81 1646 200 1708 III.
258 1666 315 1707 c.
364 1647 472 1707 28.
527 1667 596 1728 p>
647 1647 797 1706 272.
840 1645 957 1723 R.,
1033 1646 1439 1707 Burmannus
1510 1647 1593 1707 ad
1664 1645 2007 1733 Antholog.

81 1745 294 1807 Latin.
364 1745 547 1807 Libr.
602 1744 685 1807 V.
760 1744 977 1830 Epigr.
1038 1746 1183 1807 142.
1250 1746 1393 1807 Vol.
1436 1745 1523 1806 Π.
1582 1756 1647 1840 Ι).
1686 1747 1839 1810 420.
1884 1769 1981 1831 sq.
1965 1792 2007 1828 .,

83 1845 501 1907 Ruhnkenius
561 1846 631 1906 in
687 1845 891 1928 Epist.
951 1845 1103 1907 Crit.
1146 1868 1213 1928 p.
1246 1846 1390 1906 112.
1434 1849 1501 1907 et
1542 1845 1918 1910 Creuzerus
1939 1849 2011 1909 in

83 1946 351 2025 Mythol.
409 1952 477 2007 et
533 1944 760 2026 Symb.
817 1945 955 2007 Vol.
995 1945 1081 2006 Π.
1135 1967 1202 2028 p.
1247 1945 1394 2006 169.
1453 1946 1555 2007 ed.
1605 1949 1703 2026 2.
1764 1964 1841 2010 ea
1881 1949 2012 2038 huc

83 2045 326 2107 referre
368 2066 635 2127 prorsus
678 2046 957 2107 alienum
1000 2051 1114 2107 est.
1200 2044 1371 2106 Nihil
1402 2050 1620 2107 autem
1655 2050 1824 2130 apud
1850 2059 2011 2165 poe-

83 2154 178 2208 tas
221 2146 550 2227 utriusque
589 2146 814 2228 populi
853 2144 1247 2227 frequentius
1291 2150 1419 2224 est,
1484 2166 1679 2228 quam
1720 2154 1794 2209 ut
1837 2149 2011 2215 cervi

87 2266 441 2329 cervaeque
497 2266 536 2308 a
577 2246 912 2308 velocitate
969 2246 1399 2329 designentur.
1487 2244 1631 2325 Sic,
1689 2254 1763 2309 ut
1805 2253 2013 2313 unum

89 2352 157 2409 et
212 2346 371 2408 item
428 2347 699 2408 alterum
762 2343 1023 2408 afferam
1081 2346 1294 2407 locum
1306 2390 1327 2423 ,
1397 2345 1717 2410 Homerus
1777 2347 2012 2431 Odyss„

87 2445 269 2508 XIII.
316 2468 379 2509 v.
408 2447 559 2508 436.
592 2444 772 2523 Ἀμφὶ
822 2449 889 2507 δέ
932 2471 1029 2521 μιν
1071 2447 1215 2523 μέγα
1252 2447 1433 2522 δέρμα
1468 2436 1692 2526 τὰχείῃς
1728 2447 1855 2527 ἓσσῖ
1882 2452 2014 2513 ἐλά·

92 2571 230 2637 φοιο
276 2549 462 2608 ambr.
550 2546 762 2609 Valer.
806 2547 1070 2608 Flaccus
1112 2546 1354 2630 Argon.
1396 2542 1579 2608 Libr.
1608 2545 1728 2610 ΙΠ.
1771 2538 1836 2614 v.
1866 2547 2013 2617 545.

90 2645 194 2707 Sic
234 2644 361 2720 ait,
347 2668 365 2684 ·
404 2656 466 2707 et
506 2647 773 2708 celerem
794 2647 1144 2729 frondosa
1175 2667 1306 2728 per
1353 2643 1514 2706 αυία
1557 2668 1822 2717 cervum
1862 2673 2011 2713 sus-

90 2745 272 2808 citat.
371 2746 608 2809 Statius
664 2746 873 2808 Theb.
915 2744 1097 2808 Libr.
1126 2745 1242 2807 VI.
1285 2766 1350 2809 v.
1382 2742 1531 2808 598.
1618 2736 1776 2813 Non
1817 2751 2013 2814 aliter

90 2847 322 2907 celeres
388 2846 696 2907 Hera-ana
739 2868 867 2929 per
923 2868 1081 2907 αυια
1143 2844 1884 2915 cervi.Librario1··um
1939 2842 2011 2914 in

90 2945 306 3008 verbis
348 2945 584 3007 veteris
626 2952 693 3007 et
736 2945 960 3007 celeris
1002 2966 1195 3028 quam
1237 2966 1479 3029 pronus
1506 2946 1837 3032 facilisque
1858 2950 2013 3013 fue-

91 3045 177 3105 rit
219 3065 432 3123 error,
474 3046 545 3107 in
588 3046 803 3129 aprico
847 3051 967 3107 est.
1054 3043 1300 3109 Idcirco
1341 3067 1475 3108 non
1520 3048 1799 3111 dubitavi
1855 3050 1920 3111 h.
1964 3042 2013 3135 1.

95 3143 448 3207 rescribere
489 3144 713 3207 celer-1⁶3
726 3189 749 3221 ‚
808 3146 1183 3228 praesertim
1227 3166 1375 3209 cum
1418 3147 1616 3209 serius
1662 3148 2013 3230 comperis-

95 3263 264 3320 sem,
307 3242 778 3306 Wakefieldum
806 3245 887 3306 ad
915 3243 1201 3307 Lucretii
1224 3244 1473 3309 Libnl.
1516 3268 1581 3311 v.
1598 3246 1747 3310 406.
1787 3248 1927 3310 Vol.
1948 3247 2011 3311 Ἰ.

95 3366 158 3425 p.
177 3345 283 3404 89.
311 3343 379 3403 in
407 3345 694 3405 eamdem
717 3344 1014 3406 incidisse
1046 3345 1578 3409 emendationem.
1608 3382 1697 3392 ——-
1738 3345 1926 3409 Vers.
1946 3349 2011 3411 3.

4 3473 5 3477 ,
97 3443 541 3526 corrigendum
585 3444 825 3505 censuit
868 3444 1093 3506 Ulitius
1137 3446 1218 3507 ad
1263 3445 1469 3509 Gratii
1510 3446 1736 3508 Falisci
1767 3446 2011 3533 Cyneg.

95 3564 160 3606 v.
207 3545 352 3604 212.
370 3564 389 3603 z
463 3541 707 3604 circum
759 3541 1035 3622 vestigia
1088 3545 1351 3607 latram
1411 3544 1604 3606 Λένα
1668 3567 1791 3630 per
1853 3548 2013 3610 niti-

97 3642 258 3704 dum
282 3648 405 3705 etc.
447 3648 515 3703 et
557 3642 983 3727 recipiendam
1025 3643 1183 3706 duxi
1225 3644 1750 3711 verisimillimam
1785 3639 2007 3712 emen-
