2236 3932
224 138 344 199 142
819 162 900 200 on
946 163 1005 201 ι.
1045 162 1247 203 vAmo
1295 164 1533 204 rom-A.

217 295 488 377 assequi.
575 293 879 358 Ovidium
903 316 1071 356 anno
1103 297 1177 356 U.
1209 295 1281 356 G.
1311 297 1458 360 711.
1490 305 1714 361 natum
1739 322 1899 380 esse,
1920 311 2120 366 scerto

218 403 498 471 constat3
554 417 687 456 non
741 395 954 455 minus
999 401 1246 455 certum
1286 402 1412 474 est,
1483 397 1609 460 hoc
1651 420 1818 462 anno
1862 404 2122 464 Varimn

218 503 282 559 et
309 487 594 557 'Cinnam
647 492 782 577 jam
835 492 1120 555 floruisse
1161 514 1388 578 magna
1432 499 1785 559 carminum
1824 500 2014 561 laude
2059 485 2133 562 et

217 596 421 674 fama,
490 613 759 674 eosque,
819 598 1165 674 utcumque
1219 595 1299 655 de
1353 598 1680 679 utriusque
1725 619 1891 660 anno
1932 600 2124 660 natali

213 700 452 758 statuas
465 737 485 771 ,
544 697 715 753 certe
772 690 1012 771 aliquot
1055 694 1376 755 decenniis
1415 694 1687 780 majores
1730 704 1885 759 natu
1925 698 2123 760 fuisse

209 814 413 876 quam
468 791 736 851 Poetam
793 787 1300 854 Sulmonensem.
1408 793 1448 856 J
1449 815 1553 858 am
1620 818 1775 860 vero
1789 841 1810 876 ,
1879 797 2125 858 etiamsi

216 910 562 976 ponamus,
619 890 899 949 Battum
939 890 1130 951 istum
1173 897 1378 953 aetate
1421 900 1489 954 et
1528 896 1699 958 vitae
1742 896 1920 957 annis
1966 895 2125 958 Ovi-

219 995 397 1054 dium
412 1034 431 1068 ,
503 989 1026 1050 contubernalem
1082 989 1272 1051 suuin
1284 1035 1306 1068 ,
1377 996 1815 1074 antecessisse,
1884 1002 2123 1072 tamen,

218 1089 544 1153 subductis
586 1089 1009 1172 probabiliter
1049 1095 1412 1172 temporum
1439 1094 1789 1156 rationibus
1804 1141 1824 1173 ‚
1867 1117 1998 1157 non
2024 1096 2125 1155 in-

218 1191 521 1274 telligitur
532 1232 553 1267 ,
625 1208 756 1270 quo
823 1189 1082 1250 nomine
1138 1211 1346 1271 quave
1400 1194 1729 1256 occasione
1784 1196 2004 1256 Varius
2063 1200 2126 1255 et

220 1290 420 1352 Cinna
434 1333 454 1367 ,
500 1308 679 1350 senes
720 1288 894 1349 haud
937 1289 1130 1350 dubie
1172 1292 1443 1373 grandes
1486 1298 1549 1353 et
1590 1300 1792 1355 aetate
1835 1294 2123 1371 consecti,

217 1397 475 1473 poetam
515 1386 818 1473 juvenem
863 1386 1075 1451 Ovidii
1117 1391 1451 1470 aequalem
1491 1394 1820 1475 potuerint
1859 1395 1928 1454 in
1968 1414 2126 1476 poe-

204 1492 405 1554 ·matis
446 1490 575 1551 suis
621 1508 1140 1550 commemorare.
1210 1489 1383 1552 Haec
1408 1492 1605 1574 igitur
1633 1494 1845 1555 omnia
1862 1512 2128 1554 mecum

218 1588 540 1674 reputanti
580 1588 741 1649 mihi
783 1589 1048 1650 suborta
1109 1595 1208 1651 est
1262 1591 1532 1673 suspicio
1588 1594 1904 1674 quaedam
1917 1637 1939 1670 ,
1999 1613 2126 1674 qua

218 1692 441 1774 utique
482 1685 790 1772 Apuleius
847 1688 914 1749 in
967 1687 1240 1772 ingentis
1292 1697 1558 1753 vocatur
1597 1678 2128 1755 insimulationem

217 1791 500 1875 stuporis
513 1834 533 1868 ,
606 1807 646 1850 a
703 1809 833 1871 quo
888 1794 1106 1850 tamen
1149 1810 1299 1851 eum
1341 1811 1470 1852 non
1513 1791 1789 1852 alienum
1830 1812 1966 1853 esse
2011 1793 2129 1852 do-

219 1895 350 1957 cuit
392 1891 451 1955 J.
480 1889 615 1952 Nic.
639 1888 995 1971 Madvigius
1027 1889 1096 1948 in
1129 1889 1376 1951 ProluS.
1405 1890 1595 1952 Acad.
1623 1890 1813 1951 Hafn.
1844 1912 1900 1953 a.
1938 1892 2127 1952 1829.

219 1995 388 2073 Quid
402 2036 422 2071 ,
493 1991 547 2053 si
600 1990 832 2051 Varius
890 1994 956 2050 et
1014 1988 1213 2050 Cinna
1270 1990 1339 2049 in
1391 1991 1701 2072 poematis
1741 1991 2130 2052 induxerant

218 2096 498 2156 Battum
553 2089 896 2173 quemdam
948 2086 1095 2149 ficto
1151 2090 1413 2150 nomine
1427 2135 1446 2167 ‚
1501 2090 1770 2152 fortasse
1810 2110 2129 2151 memores

218 2192 434 2269 Batti,
506 2189 776 2274 pastoris
833 2188 1013 2248 istius
1057 2189 1222 2249 senis
1241 2233 1260 2266 ‚
1319 2209 1357 2249 a
1398 2189 1715 2250 Mercurio
1759 2190 1842 2250 ob
1885 2185 2132 2250 furtum

220 2293 569 2356 indicatum
609 2290 680 2349 in
719 2287 998 2370 lapidem
1039 2287 1503 2366 transformati,
1565 2296 1642 2349 ut
1685 2287 1950 2351 Ovidius
1993 2289 2132 2349 Me-

221 2400 376 2455 tam.
418 2389 597 2452 Libr.
629 2387 716 2448 Π.
759 2408 825 2450 v.
856 2388 1004 2448 688.
1024 2408 1163 2469 sqq.
1205 2395 1457 2464 narrat,
1502 2395 1692 2469 atque
1718 2388 1868 2449 inde
1893 2388 2133 2449 factum

222 2499 321 2555 est
334 2537 353 2570 ‚
397 2496 473 2551 ut
496 2483 803 2571 Apuleius
846 2486 983 2548 sive
1020 2488 1108 2565 is,
1154 2508 1347 2569 quem
1391 2488 1756 2570 exscripsit,
1801 2493 1931 2548 tam
1958 2489 2133 2570 turpi

224 2610 444 2655 errore
471 2589 815 2651 laberetur.
893 2586 1140 2664 Rideat,
1185 2587 1289 2649 cui
1315 2588 1522 2669 volup’
1552 2594 1665 2664 est,
1709 2588 1893 2664 hanc,
1939 2609 2134 2668 quam

225 2693 364 2775 ipse
429 2703 512 2750 ne
579 2684 762 2756 flocci
825 2685 1085 2767 quidem
1152 2684 1315 2748 facio
1330 2730 1351 2764 ‚
1421 2687 1843 2768 suspicionem
1899 2706 2130 2764 meam,

228 2788 581 2852 dummodo
637 2805 893 2846 mecum
945 2784 1135 2847 faciat
1192 2786 1443 2848 dicente
1457 2829 1478 2863 ,
1547 2786 1823 2849 amicum
1872 2792 1938 2846 et
1979 2807 2134 2846 con-

229 2891 534 2955 victorem
606 2886 821 2951 Ovidii
885 2886 1101 2950 iambo
1172 2886 1416 2949 clarum
1489 2886 1877 2970 appellatum
1940 2884 2133 2946 fuisse

228 2993 534 3053 Bassum.
758 2998 768 3008 ⁴

403 3088 549 3172 Quo
600 3086 823 3169 plures
878 3091 1093 3147 autem
1145 3082 1351 3146 Bassi
1394 3084 1503 3146 illo
1560 3089 1851 3165 tempore
1894 3083 2134 3145 Romae

231 3191 538 3256 vixerunt
567 3186 849 3248 doctrina
881 3187 1362 3266 litterarumque
1407 3184 1631 3246 studiis
1665 3183 2132 3259 memorabileS,

232 3291 356 3352 hoc
415 3286 728 3349 difficilius
785 3291 878 3346 est
935 3285 1090 3346 certi
1147 3285 1300 3365 quid
1352 3284 1762 3365 prommtiare
1805 3284 1884 3343 de
1925 3283 2134 3342 Basso
2217 3326 2224 3331 -

232 3386 695 3472 Iambographo
708 3430 730 3464 ,
778 3404 978 3467 quum
1021 3383 1100 3444 ab
1145 3384 1281 3445 solo
1326 3382 1555 3446 Ovidio
1608 3385 2134 3443 commemoretur

237 3495 300 3551 et
355 3509 434 3550 eo
490 3485 747 3549 nomine
802 3485 1116 3545 laudetur.
1216 3482 1381 3544 Sunt
1434 3483 1544 3565 qui
1600 3503 1749 3543 eum
1806 3477 2134 3562 significari

238 3593 463 3674 putent
518 3587 599 3649 ab
656 3585 919 3649 Horatio
973 3581 1148 3646 Libr.
1193 3582 1248 3644 1.
1310 3581 1434 3644 Od.
1475 3583 1582 3644 36.
1638 3601 1698 3644 v.
1743 3580 1875 3640 14.:
1934 3577 2136 3654 „Neu
