2236 3932
252 167 335 230 20
838 191 920 230 nr:
968 193 1024 231 L.
1057 191 1263 233 VAluo
1310 190 1550 231 POETA.

252 344 398 387 cum
437 321 522 384 Is.
549 322 778 385 Vossio
824 330 1100 387 statuere
1114 369 1135 403 ‚
1179 324 1338 384 illud
1365 318 1594 386 Catulli
1620 345 1875 392 carmen
1902 327 2142 392 nemini

252 423 378 499 alii,
415 422 540 484 nisi
567 422 644 483 L.
660 422 854 484 Vario
879 430 1107 505 poetae
1131 422 1506 503 inscriptum
1534 445 1694 486 esse.
1752 425 1952 505 Atqui
1974 426 2145 486 idem

253 541 508 586 carmen
564 529 876 584 summam
931 522 1262 602 utriusque
1318 522 1593 584 declarat
1656 523 2146 584 familiaritatem

253 642 699 702 summmnque
759 622 1160 683 voluntatum
1217 639 1290 681 ac
1333 622 1689 684 studiorum
1731 642 2145 683 consensum:

252 741 338 782 ex
394 740 523 801 quo
584 720 638 780 si
698 719 1016 781 Catullum
1069 724 1135 779 et
1189 717 1456 781 Varium
1509 728 1712 782 aetate
1770 721 1905 782 fere
1960 742 2146 802 pares

251 818 448 880 fuisse
492 819 748 901 colligO,
791 838 925 878 non
965 817 1218 880 videtur
1258 819 1416 878 mihi
1456 821 1808 882 verendum
1849 840 2019 896 esse,
2064 840 2148 880 ne

254 919 395 999 quis
434 938 541 979 me
576 937 651 978 ea
679 917 750 977 in
780 935 998 978 caussa
1023 916 1318 978 vanitatis
1348 920 1848 1000 temeritatisque
1877 923 2148 979 accuset.

423 1016 703 1076 Catullus
734 1016 1067 1078 comitatus
1108 1014 1317 1077 fuerat
1355 1016 1426 1076 in
1461 1017 1822 1095 Bithyniam
1855 1019 1925 1078 C.
1952 1017 2151 1078 Mem-

252 1116 451 1176 mium
494 1113 856 1176 Gemellum
869 1157 890 1192 ,
935 1115 1048 1196 qui
1078 1134 1220 1176 eam
1247 1115 1642 1196 provinciam
1670 1117 1931 1177 sortitus
1957 1116 2150 1176 Prae—

251 1220 356 1275 tor
426 1214 755 1275 obtinebat
811 1234 867 1275 a.
909 1212 986 1274 U.
1033 1212 1102 1274 G.
1147 1215 1295 1275 697.
1323 1213 1420 1293 16).
1534 1213 1675 1273 Non
1744 1217 1947 1275 multo
2005 1221 2153 1296 post

255 1313 485 1388 Catulli
542 1335 629 1376 ex
686 1313 987 1392 Bithynia
1027 1313 1307 1374 reditum
1350 1332 1456 1389 ea,
1534 1331 1696 1393 quae
1739 1311 1861 1374 hoc
1901 1315 1971 1373 in
2014 1334 2154 1374 car-

252 1413 423 1474 mine
451 1418 823 1490 narrantur,
868 1412 1199 1489 accidisse,
1241 1411 1649 1473 manifestum
1688 1418 1786 1472 est
1812 1433 1900 1473 ex
1925 1433 2074 1476 vers
2090 1416 2154 1474 7.

452 1513 603 1572 IIuc
640 1521 718 1572 ut
757 1510 1089 1587 venimus,
1133 1511 1416 1572 incidere
1456 1509 1641 1570 nobis
1843 1584 1846 1589 .

454 1614 785 1671 Sermone-s
824 1608 1037 1671 varii:
1091 1609 1168 1671 in
1208 1609 1436 1692 quibus
1449 1651 1473 1684 ,
1517 1602 1677 1691 quid
1714 1619 1874 1670 esset

453 1712 605 1770 Jam
643 1708 996 1789 Bithynia,
1058 1709 1368 1791 quomodo
1410 1729 1478 1768 se
1517 1708 1778 1769 haheret

454 1808 543 1868 Et
585 1830 866 1891 quonam
906 1807 1075 1869 mihi
1111 1805 1471 1890 profuisset
1501 1828 1662 1888 ⁴aere
1680 1802 1712 1868 ἶ)

257 1905 376 1967 1110
420 1913 709 1989 tempore
755 1908 1036 1968 Catullus
1054 1951 1074 1984 ,
1120 1903 1299 1988 cujus
1345 1925 1581 1966 annum
1621 1907 1897 1968 natalem
1912 1951 1932 1984 ‚
1976 1928 2159 1990 prae-

259 2011 452 2068 eunte
493 2005 885 2086 Hieronymo
929 2007 999 2068 in
1025 2005 1287 2066 Eusehii
1319 2003 1550 2066 Chron.
1578 2003 1679 2065 Ol.
1713 2007 1789 2065 17
1792 2006 1853 2066 3.
1887 2009 1970 2084 2.,
2015 2028 2160 2068 cum

263 2103 459 2165 Saxio
514 2105 583 2165 in
627 2103 956 2168 Onomast.
1006 2105 1151 2166 Vol.
1179 2105 1231 2165 I.
1272 2126 1338 2187 p.
1374 2106 1517 2164 148.
1559 2124 1800 2186 ponere
1841 2105 2048 2186 placet
2100 2127 2158 2166 a.

259 2203 335 2264 U.
379 2203 448 2264 C.
493 2204 642 2265 667.
657 2249 677 2282 ,
737 2206 986 2278 circiter
1028 2205 1287 2287 triginta
1329 2224 1527 2265 annos
1571 2210 1756 2264 natus
1803 2211 1972 2279 erat3
2032 2205 2160 2266 Va-

260 2303 427 2363 rium
488 2324 643 2366 vero
701 2311 775 2365 ut
836 2304 1081 2366 Catullo
1140 2304 1456 2364 minorem
1499 2314 1652 2363 natu
1693 2303 1891 2364 fuisse
1937 2304 2160 2365 existi-

261 2423 506 2463 memus
519 2447 539 2479 ,
595 2404 791 2464 totius
847 2404 1142 2465 carminis
1199 2403 1362 2463 ratio
1420 2409 1486 2464 et
1527 2410 1971 2485 argumentum
2013 2423 2160 2463 sua-

266 2503 415 2563 (lere
455 2502 614 2562 mihi
655 2503 931 2566 videtur.
1017 2503 1160 2566 Jam
1202 2503 1352 2563 licet
1396 2500 1839 2563 difficillimum
1882 2502 1964 2562 sit
1979 2546 1999 2579 ,
2044 2523 2159 2562 an-

263 2623 417 2662 num
477 2599 740 2686 alicujus
808 2603 1086 2664 natalem
1143 2602 1279 2662 sine
1337 2601 1603 2661 testibus
1663 2602 1846 2675 ‹lare3
1921 2606 2155 2678 tamen,

265 2721 482 2762 rerum
537 2708 1026 2783 temporumque
1081 2700 1431 2761 rationibus
1477 2706 1767 2761 accurate
1811 2701 2157 2776 subductiS,

265 2822 394 2862 non
446 2801 631 2884 longe
683 2821 721 2861 a
767 2799 930 2863 vero
987 2802 1282 2862 aberrare
1335 2799 1519 2860 nobis
1562 2800 1885 2876 videmur,
1962 2820 2160 2879 quum

266 2899 342 2960 L.
385 2898 683 2976 Varium,
753 2900 808 2960 si
862 2921 994 2960 non
1035 2900 1322 2982 pluribus
1335 2942 1355 2975 ‚
1417 2903 1589 2959 certe
1649 2898 1933 2979 quinque
1978 2885 2159 2959 annis

266 2996 581 3081 juniorem
620 2983 815 3059 fuisse
858 2999 1122 3059 dicimus
1139 3043 1160 3076 ,
1221 3011 1411 3079 quam
1475 2997 1821 3073 Catullum,
1883 2993 2018 3078 ejus
2062 2995 2160 3055 fa-

267 3098 599 3158 miliarem.
683 3083 888 3179 Atque
911 3104 1004 3158 ‘ut
1047 3099 1159 3174 sit,
1203 3099 1374 3157 unde
1400 3095 1719 3178 progressi
1762 3100 1828 3155 et
1869 3100 2160 3156 veterum

269 3196 647 3277 scriptorum
691 3197 770 3258 de
799 3196 993 3258 Vario
1037 3196 1395 3258 testimonia
1438 3182 1735 3276 deinceps
1782 3194 1984 3255 secuti
2009 3193 2160 3254 reli-

415 3415 500 3468 16)
539 3410 768 3461 Conferas
802 3407 959 3473 Pighii
987 3408 1205 3459 Annales
1229 3407 1350 3459 Vol.
1376 3407 1469 3458 ῙΠ.
1505 3427 1554 3470 p.
1572 3413 1693 3461 376.
1764 3407 1892 3458 Huic
1922 3405 1978 3456 C.
1999 3403 2159 3454 Mem-

273 3481 368 3528 mio
406 3479 663 3545 Gemella,
719 3484 915 3545 poeticis
960 3499 1146 3543 quoque
1195 3483 1364 3530 studiis
1398 3482 1574 3542 nobili,
1628 3482 1866 3541 inscripsit
1901 3477 2157 3526 Lucretius

274 3569 462 3600 carmen
506 3570 670 3616 suum3
729 3555 910 3603 videsis
951 3554 1018 3603 A.
1056 3553 1097 3602 F
1101 3554 1303 3615 orbigeri
1355 3550 1622 3603 Comment.
1678 3550 1732 3601 d.
1778 3550 2001 3600 Lucretii
2038 3548 2158 3598 Gari

273 3626 503 3674 carmine.
575 3624 774 3687 Lipsiae
814 3630 964 3676 1824.
1003 3643 1053 3687 p.
1083 3629 1166 3675 13.
1214 3622 1278 3674 Ν.
1307 3630 1391 3674 11.
